3259 4775
499 854 569 943 318
707 847 1078 950 morian*
1274 771 1295 825 .

496 1000 625 1091 praeter
656 988 836 1088 pietatem.
888 986 936 1067 At
958 988 1076 1067 videte
1098 1044 1110 1078 ,
1135 991 1295 1092 queso}
1305 988 1310 993 ’

345 1141 347 1144 ’
487 1129 670 1232 ¹quorsum
719 1128 796 1238 iaaac
838 1143 1006 1230 torqueat
1046 1130 1192 1238 celebris
1233 1133 1297 1212 ille

498 1271 736 1371 Theologus:
770 1264 941 1348 Gladium
963 1273 1298 1393 interpretaturde-
1325 1286 1331 1291 ’

480 1414 695 1499 λῐεὲηΐιοηεηι
722 1412 884 1490 adversus
907 1409 1201 1513 persecutionem,
1225 1414 1298 1491 sac·
1355 1506 1359 1512 ¹
1487 1477 1488 1490 ,

498 1548 635 1637 culum
655 1552 888 1635 sufficientem
917 1570 1140 1641 commeatus
1173 1556 1299 1655 provi-

497 1698 660 1785 sionem,
697 1696 846 1798 perinde
875 1693 972 1795 quali
1001 1694 1161 1774 Christus
1193 1718 1300 1772 com·

287 1828 289 1835 ’
355 1901 359 1909 1
497 1852 635 1915 mutata
669 1838 708 1911 in
739 1830 916 1914 diversum
947 1814 1151 1944 sententia;
1195 1834 1300 1935 quod

368 1995 369 1999 ‘
479 1987 659 2057 ‘oratores
688 1976 769 2055 suos
795 2001 924 2079 parum
949 1974 1141 2068 βασιλικως
1168 1977 1301 2052 instru-

498 2120 574 2198 do's
598 2109 742 2197 'emisisse
761 2120 962 2209 videretur,
990 2119 1179 2220 superiorIs
1200 2118 1300 2198 insti-

425 2276 432 2283 '
499 2266 649 2340 tutionis
680 2263 900 2375 palinodiam
932 2275 1046 2345 canat.
1072 2292 1075 2301 ·
1097 2257 1172 2337 Aut
1198 2258 1300 2336 velut

498 2405 632 2484 oblitus
652 2403 753 2504 quod
777 2403 926 2491 dixerat,
942 2405 1066 2504 beatos
1085 2403 1186 2508 fore,
1212 2423 1300 2480 cum

499 2547 642 2644 probris
654 2581 670 2629 ·,
712 2532 941 2618 conrumelii's
961 2545 998 2616 &
1018 2541 1195 2640 suppliciis
1211 2540 1300 2618 affii-

497 2696 695 2782 gerentur,
722 2682 918 2782 prohibens
941 2705 987 2757 ne
1006 2679 1152 2783 quando
1168 2681 1301 2782 resiste·

497 2839 578 2901 rent
599 2823 716 2913 malo,
738 2826 842 2902 mites
863 2826 961 2902 enim
972 2823 1096 2901 beatos
1116 2819 1194 2912 effe,
1217 2847 1298 2902 non

498 2964 656 3055 feroces',
681 2967 815 3044 oblitus
840 2968 941 3070 quod
959 2967 1040 3045 illos
1052 2965 1097 3042 ad
1109 2963 1297 3066 paiierum,

500 3107 731 3185 &liliorum
759 3106 969 3208 exemplum
1001 3109 1163 3196 vocarit,
1199 3129 1311 3209 nuncv

494 3250 590 3326 'adeo
617 3247 775 3327 noluerit
799 3273 862 3326 eos
893 3248 1022 3348 absque
1046 3247 1169 3348 gladio
1189 3247 1301 3349 profi·

500 3390 599 3478 cisci,
626 3357 668 3468 nt
699 3413 782 3467 eum
806 3360 876 3466 vel(
889 3391 1009 3466 tunica
1034 3388 1214 3467 divendita
1241 3391 1300 3486 ju·

500 3531 582 3608 beat
607 3534 700 3620 emi,
728 3529 900 3632 malitque
919 3500 1060 3610 nudor
1083 3533 1157 3620 ire,
1187 3552 1298 3632 quam
