3259 4775
581 832 972 926 rruouron‘
1098 852 1166 921 rm

372 975 440 1054 mis
460 976 684 1062 rationibus,
705 975 785 1074 2quit
803 997 888 1050 cum
916 966 1039 1073 paffim
1069 994 1171 1048 men-

371 1119 529 1202 tiantur,
553 1093 743 1213 pejerent,
766 1113 952 1201 furentur,
981 1112 1167 1221 fraudent,

371 1259 586 1356 imponant,
602 1229 737 1332 ‘tamen
759 1257 927 1331 omnium
943 1256 1081 1353 primos
1105 1253 1172 1332 lese

372 1397 527 1484 faciunt,
549 1401 739 1496 propterea
757 1394 859 1495 quod
873 1394 1007 1492 digitos
1017 1394 1173 1471 habeant

372 1562 462 1614 auro
483 1537 669 1614 revinctos.
709 1535 789 1618 Nec
817 1535 943 1612 desunt
972 1534 1173 1610 adulatores

370 1675 569 1754 Fraterculi
593 1679 706 1769 (m),
733 1679 796 1777 qui
811 1680 988 1753 mirentur
1005 1675 1110 1762 istos,
1131 1697 1174 1752 ac

372 1816 584 1896 venerabiles
607 1799 724 1918 palam
745 1817 951 1917 appellent,
976 1818 1170 1904 nimirum,

373 1972 417 2038 ut
437 1958 482 2034 ad
507 1957 601 2058 ipsos
622 1957 740 2056 aliqua
771 1957 864 2032 male
881 1972 1070 2056 partorum
1088 1981 1175 2056 por-

371 2098 534 2194 tiuncula
552 2097 682 2172 redeat.
732 2095 829 2172 Alibi
853 2096 971 2172 videas
991 2095 1176 2196 Pythago-
1284 2073 1289 2080 ¹

368 2239 469 2314 ‚ricos
491 2237 571 2326 (n)
597 2234 794 2335 quosdam,
821 2236 951 2335 quibus
972 2235 1175 2336 usqueadeo

375 2381 501 2457 omnia
514 2376 681 2454 videntur
694 2372 998 2465 ellecommunia‚
1024 2391 1067 2455 ut
1075 2380 1177 2478 quic-

444 2558 562 2629 guitinus
577 2558 653 2613 etiam
667 2557 753 2627 palam
770 2556 851 2623 dicit,
869 2560 896 2609 in
907 2558 969 2612 libro
983 2558 1175 2627 depoenitentic,

444 2652 603 2699 mercatores
634 2644 661 2697 ἃ
694 2642 790 2697 milites
818 2643 998 2711 poenitentiam
1023 2660 1098 2713 agere
1122 2660 1176 2698 nou

444 2727 522 2798 polle.
559 2728 590 2782 L.
954 2768 956 2773 -

374 2812 448 2887 (m)
465 2816 527 2869 Non
544 2822 617 2870 taxat
634 2811 793 2882 religiosos,
822 2811 865 2865 sed
889 2813 1062 2881 adulatores,
1088 2817 1176 2880 cujus·

446 2901 517 2955 modi
533 2898 633 2953 suntin
650 2899 699 2951 hoc
715 2912 810 2965 genere
835 2914 889 2950 non
907 2913 999 2963 pamm
1017 2899 1110 2962 multi,
1130 2900 1176 2968 qui

325 2986 328 2997 '
445 2986 632 3040 concionantur
658 2986 691 3037 ad
708 2982 829 3051 quaestum
858 2983 884 3033 o
908 2981 996 3034 nullos
1017 2975 1107 3051 ss'pius
1130 2991 1176 3037 aut

445 3068 662 3126 honorificentius
674 3053 823 3136 appellant,
840 3083 918 3134 quarn
935 3076 1099 3135 mercatores,
1110 3086 1176 3137 quos

447 3164 543 3211 vocant
570 3155 706 3206 omerabili
730 3151 897 3230 mercadanti,
916 3153 984 3218 quod
1001 3152 1031 3207 hi
1044 3154 1107 3208 dent
1125 3152 1177 3206 lar·

447 3244 515 3311 gius.
552 3238 584 3293 Z.

384 3320 446 3395 (n)
462 3326 574 3393 Jocatur
590 3322 751 3391 iniuratm,
769 3322 831 3390 quia
846 3321 1006 3392 Pythagoras
1019 3324 1104 3379 dixit:
1123 3336 1177 3384 Tu,
1204 3342 1206 3346 ·

447 3426 524 3479 Φιλνν
545 3435 581 3468 τι
593 3410 670 3472 πανἹαι
688 3437 755 3467 *aava
769 3435 844 3470 cavat,
861 3410 881 3462 l.
896 3426 918 3462 e.
938 3409 1081 3461 Amicorum
1095 3413 1177 3462 omnia

449 3490 492 3569 effe
507 3497 653 3547 communia.
690 3494 719 3549 ld
744 3497 838 3565 dogma
862 3493 933 3564 sequi
955 3495 1098 3557 videntur,
1117 3509 1177 3552 cum
1244 3551 1250 3560 ,

449 3579 483 3633 ab
500 3578 636 3649 onradus,
654 3579 729 3638 velut
744 3582 777 3639 ab
792 3581 882 3638 amicit
899 3579 1038 3648 accipiunt.
1073 3576 1106 3633 L
