<?xml version="1.0" encoding="UTF-8"?>
<!DOCTYPE html PUBLIC "-//W3C//DTD XHTML 1.0 Transitional//EN"
    "http://www.w3.org/TR/xhtml1/DTD/xhtml1-transitional.dtd">
<html xmlns="http://www.w3.org/1999/xhtml" xml:lang="en" lang="en">
 <head>
  <title>
</title>
<meta http-equiv="Content-Type" content="text/html;charset=utf-8" />
  <meta name='ocr-system' content='tesseract 3.04.00' />
  <meta name='ocr-capabilities' content='ocr_page ocr_carea ocr_par ocr_line ocrx_word'/>
</head>
<body>
  <div class='ocr_page' id='page_1' title='image "./mriasenkmionrom00erasgoog_0125.png"; bbox 0 0 3259 4775; ppageno 0'>
   <div class='ocr_carea' id='block_1_1' title="bbox 335 865 1321 2369">
    <p class='ocr_par' dir='ltr' id='par_1_1' title="bbox 391 865 1321 1952">
     <span class='ocr_line' id='line_1_1' title="bbox 605 865 1205 973; baseline -0.013 -11"><span class='ocrx_word' id='word_1_1' title='bbox 605 890 1003 962; x_wconf 62' lang='grc' dir='ltr'><strong>ΕΓΚΩΜΙΟΝ.</strong></span> <span class='ocrx_word' id='word_1_2' title='bbox 1122 865 1205 973; x_wconf 63' lang='lat' dir='ltr'>‘roy</span> 
     </span>
     <span class='ocr_line' id='line_1_2' title="bbox 391 1021 1205 1133; baseline -0.009 -28"><span class='ocrx_word' id='word_1_3' title='bbox 391 1026 546 1113; x_wconf 64' lang='lat' dir='ltr'>wines,</span> <span class='ocrx_word' id='word_1_4' title='bbox 571 1039 635 1105; x_wconf 87' lang='lat' dir='ltr'>aut</span> <span class='ocrx_word' id='word_1_5' title='bbox 654 1028 735 1133; x_wconf 91' lang='lat' dir='ltr'>quis</span> <span class='ocrx_word' id='word_1_6' title='bbox 757 1023 861 1103; x_wconf 88' lang='lat' dir='ltr'>Deus</span> <span class='ocrx_word' id='word_1_7' title='bbox 879 1027 988 1107; x_wconf 83' lang='lat' dir='ltr'>iratus</span> <span class='ocrx_word' id='word_1_8' title='bbox 1010 1046 1072 1099; x_wconf 91' lang='lat' dir='ltr'>eos</span> <span class='ocrx_word' id='word_1_9' title='bbox 1092 1021 1205 1100; x_wconf 87' lang='lat' dir='ltr'>iubas</span> 
     </span>
     <span class='ocr_line' id='line_1_3' title="bbox 404 1162 1205 1263; baseline -0.01 -18"><span class='ocrx_word' id='word_1_10' title='bbox 404 1165 558 1245; x_wconf 79' lang='lat' dir='ltr'>miserias</span> <span class='ocrx_word' id='word_1_11' title='bbox 588 1165 681 1241; x_wconf 81' lang='lat' dir='ltr'>nasci</span> <span class='ocrx_word' id='word_1_12' title='bbox 713 1168 895 1263; x_wconf 76' lang='lat' dir='ltr'>coegerit,</span> <span class='ocrx_word' id='word_1_13' title='bbox 925 1167 1012 1251; x_wconf 74' lang='lat' dir='ltr'>noni</span> <span class='ocrx_word' id='word_1_14' title='bbox 1033 1165 1083 1240; x_wconf 85' lang='lat' dir='ltr'>est</span> <span class='ocrx_word' id='word_1_15' title='bbox 1114 1162 1205 1238; x_wconf 89' lang='lat' dir='ltr'>mihi</span> 
     </span>
     <span class='ocr_line' id='line_1_4' title="bbox 394 1298 1321 1408; baseline -0.003 -27"><span class='ocrx_word' id='word_1_16' title='bbox 394 1304 456 1381; x_wconf 81' lang='lat' dir='ltr'>-ias</span> <span class='ocrx_word' id='word_1_17' title='bbox 490 1308 529 1380; x_wconf 91' lang='lat' dir='ltr'>in</span> <span class='ocrx_word' id='word_1_18' title='bbox 557 1304 738 1404; x_wconf 77' lang='lat' dir='ltr'>praesentia</span> <span class='ocrx_word' id='word_1_19' title='bbox 757 1304 940 1408; x_wconf 80' lang='lat' dir='ltr'>proloqui</span> <span class='ocrx_word' id='word_1_20' title='bbox 969 1304 1111 1383; x_wconf 88' lang='lat' dir='ltr'>Verum</span> <span class='ocrx_word' id='word_1_21' title='bbox 1142 1304 1205 1379; x_wconf 82' lang='lat' dir='ltr'>ista</span> <span class='ocrx_word' id='word_1_22' title='bbox 1317 1298 1321 1305; x_wconf 79' lang='grc'><strong>’</strong></span> 
     </span>
     <span class='ocr_line' id='line_1_5' title="bbox 405 1443 1206 1547; baseline -0.006 -24.031"><span class='ocrx_word' id='word_1_23' title='bbox 405 1446 470 1545; x_wconf 90' lang='lat' dir='ltr'>qui</span> <span class='ocrx_word' id='word_1_24' title='bbox 482 1444 604 1523; x_wconf 55' lang='lat' dir='ltr'>«secum</span> <span class='ocrx_word' id='word_1_25' title='bbox 621 1444 840 1547; x_wconf 80' lang='lat' dir='ltr'>perpendat,</span> <span class='ocrx_word' id='word_1_26' title='bbox 871 1470 995 1522; x_wconf 88' lang='lat' dir='ltr'>noune</span> <span class='ocrx_word' id='word_1_27' title='bbox 1014 1447 1107 1541; x_wconf 89' lang='lat' dir='ltr'>(m)</span> <span class='ocrx_word' id='word_1_28' title='bbox 1131 1443 1206 1520; x_wconf 86' lang='lat' dir='ltr'>Mi-</span> 
     </span>
     <span class='ocr_line' id='line_1_6' title="bbox 403 1582 1206 1687; baseline 0.009 -28"><span class='ocrx_word' id='word_1_29' title='bbox 403 1582 569 1667; x_wconf 85' lang='lat' dir='ltr'>lefiarum</span> <span class='ocrx_word' id='word_1_30' title='bbox 592 1589 777 1684; x_wconf 82' lang='lat' dir='ltr'>virginum</span> <span class='ocrx_word' id='word_1_31' title='bbox 802 1588 972 1687; x_wconf 84' lang='lat' dir='ltr'>probabit</span> <span class='ocrx_word' id='word_1_32' title='bbox 995 1585 1206 1685; x_wconf 83' lang='lat' dir='ltr'>exemplum</span> 
     </span>
     <span class='ocr_line' id='line_1_7' title="bbox 401 1725 1206 1829; baseline -0.004 -26"><span class='ocrx_word' id='word_1_33' title='bbox 401 1729 513 1805; x_wconf 82' lang='lat' dir='ltr'>etiarn</span> <span class='ocrx_word' id='word_1_34' title='bbox 535 1725 562 1801; x_wconf 88' lang='lat' dir='ltr'>ii</span> <span class='ocrx_word' id='word_1_35' title='bbox 585 1726 850 1804; x_wconf 82' lang='lat' dir='ltr'>miserandum?</span> <span class='ocrx_word' id='word_1_36' title='bbox 884 1729 932 1809; x_wconf 81' lang='lat' dir='ltr'>At</span> <span class='ocrx_word' id='word_1_37' title='bbox 963 1729 1112 1829; x_wconf 85' lang='lat' dir='ltr'>quinam</span> <span class='ocrx_word' id='word_1_38' title='bbox 1138 1750 1206 1825; x_wconf 92' lang='lat' dir='ltr'>po-</span> 
     </span>
     <span class='ocr_line' id='line_1_8' title="bbox 404 1864 1207 1952; baseline 0 -12"><span class='ocrx_word' id='word_1_39' title='bbox 404 1864 578 1941; x_wconf 81' lang='lat' dir='ltr'>tissi&#39;rnunr</span> <span class='ocrx_word' id='word_1_40' title='bbox 600 1865 665 1941; x_wconf 88' lang='lat' dir='ltr'>fibi</span> <span class='ocrx_word' id='word_1_41' title='bbox 689 1870 770 1949; x_wconf 85' lang='lat' dir='ltr'>vitae</span> <span class='ocrx_word' id='word_1_42' title='bbox 791 1866 899 1952; x_wconf 85' lang='lat' dir='ltr'>taedio</span> <span class='ocrx_word' id='word_1_43' title='bbox 923 1868 1037 1945; x_wconf 83' lang='lat' dir='ltr'>fatum</span> <span class='ocrx_word' id='word_1_44' title='bbox 1062 1865 1207 1943; x_wconf 79' lang='lat' dir='ltr'>accersi-</span> 
     </span>
    </p>

    <p class='ocr_par' dir='ltr' id='par_1_2' title="bbox 335 2003 1207 2369">
     <span class='ocr_line' id='line_1_9' title="bbox 354 2003 1207 2104; baseline 0 -23"><span class='ocrx_word' id='word_1_45' title='bbox 354 2031 357 2101; x_wconf 75' lang='grc' dir='ltr'><strong><em>ζ</em></strong></span> <span class='ocrx_word' id='word_1_46' title='bbox 397 2028 488 2085; x_wconf 78' lang='lat' dir='ltr'>vere</span> <span class='ocrx_word' id='word_1_47' title='bbox 508 2004 527 2079; x_wconf 76' lang='grc'>1</span> <span class='ocrx_word' id='word_1_48' title='bbox 561 2003 698 2081; x_wconf 87' lang='lat' dir='ltr'>Nonne</span> <span class='ocrx_word' id='word_1_49' title='bbox 730 2006 906 2104; x_wconf 73' lang='lat' dir='ltr'>sapientia</span> <span class='ocrx_word' id='word_1_50' title='bbox 936 2005 1124 2083; x_wconf 84' lang='lat' dir='ltr'>confines?</span> <span class='ocrx_word' id='word_1_51' title='bbox 1146 2005 1207 2082; x_wconf 88' lang='lat' dir='ltr'>Iu·</span> 
     </span>
     <span class='ocr_line' id='line_1_10' title="bbox 335 2143 1203 2241; baseline -0.001 -20"><span class='ocrx_word' id='word_1_52' title='bbox 335 2154 352 2223; x_wconf 83' lang='lat'>&#39;.</span> <span class='ocrx_word' id='word_1_53' title='bbox 399 2155 460 2221; x_wconf 79' lang='lat' dir='ltr'>ter</span> <span class='ocrx_word' id='word_1_54' title='bbox 491 2166 605 2241; x_wconf 88' lang='lat' dir='ltr'>quos,</span> <span class='ocrx_word' id='word_1_55' title='bbox 639 2156 682 2217; x_wconf 90' lang='lat' dir='ltr'>ut</span> <span class='ocrx_word' id='word_1_56' title='bbox 711 2145 964 2231; x_wconf 88' lang='lat' dir='ltr'>interim.(n)</span> <span class='ocrx_word' id='word_1_57' title='bbox 992 2143 1203 2240; x_wconf 84' lang='lat' dir='ltr'>Diogenes,</span> 
     </span>
     <span class='ocr_line' id='line_1_11' title="bbox 394 2280 1206 2369; baseline 0 -8"><span class='ocrx_word' id='word_1_58' title='bbox 394 2280 660 2369; x_wconf 86' lang='lat' dir='ltr'>-Xenocrates,</span> <span class='ocrx_word' id='word_1_59' title='bbox 684 2280 862 2369; x_wconf 86' lang='lat' dir='ltr'>Catones,</span> <span class='ocrx_word' id='word_1_60' title='bbox 890 2281 1042 2369; x_wconf 81' lang='lat' dir='ltr'>Caibos,</span> <span class='ocrx_word' id='word_1_61' title='bbox 1066 2281 1206 2361; x_wconf 84' lang='lat' dir='ltr'>acBru-</span> 
     </span>
    </p>
   </div>
   <div class='ocr_carea' id='block_1_2' title="bbox 330 2418 1206 2652">
    <p class='ocr_par' dir='ltr' id='par_1_3' title="bbox 330 2418 1206 2652">
     <span class='ocr_line' id='line_1_12' title="bbox 403 2418 1206 2514; baseline -0.002 -12"><span class='ocrx_word' id='word_1_62' title='bbox 403 2439 464 2502; x_wconf 86' lang='lat' dir='ltr'>tos</span> <span class='ocrx_word' id='word_1_63' title='bbox 488 2421 631 2512; x_wconf 79' lang='lat' dir='ltr'>sileam,</span> <span class='ocrx_word' id='word_1_64' title='bbox 669 2418 747 2514; x_wconf 88' lang='lat' dir='ltr'>(o)</span> <span class='ocrx_word' id='word_1_65' title='bbox 784 2422 925 2500; x_wconf 86' lang='lat' dir='ltr'>Chiron</span> <span class='ocrx_word' id='word_1_66' title='bbox 943 2424 1003 2500; x_wconf 86' lang='lat' dir='ltr'>ilie</span> <span class='ocrx_word' id='word_1_67' title='bbox 1028 2448 1115 2506; x_wconf 89' lang='lat' dir='ltr'>curn</span> <span class='ocrx_word' id='word_1_68' title='bbox 1137 2429 1206 2500; x_wconf 79' lang='lat' dir='ltr'>inr-</span> 
     </span>
     <span class='ocr_line' id='line_1_13' title="bbox 330 2553 1206 2652; baseline 0 -10"><span class='ocrx_word' id='word_1_69' title='bbox 330 2554 333 2564; x_wconf 71' lang='lat'>&#39;</span> <span class='ocrx_word' id='word_1_70' title='bbox 397 2565 601 2642; x_wconf 80' lang='lat' dir='ltr'>mortalem</span> <span class='ocrx_word' id='word_1_71' title='bbox 635 2553 701 2644; x_wconf 79' lang='lat' dir='ltr'>eise</span> <span class='ocrx_word' id='word_1_72' title='bbox 729 2564 875 2652; x_wconf 85' lang='lat' dir='ltr'>liceret,</span> <span class='ocrx_word' id='word_1_73' title='bbox 919 2566 1021 2643; x_wconf 89' lang='lat' dir='ltr'>ultro.</span> <span class='ocrx_word' id='word_1_74' title='bbox 1047 2579 1206 2652; x_wconf 88' lang='lat' dir='ltr'>mortem</span> 
     </span>
    </p>
   </div>
   <div class='ocr_carea' id='block_1_3' title="bbox 361 2733 1206 3680">
    <p class='ocr_par' dir='ltr' id='par_1_4' title="bbox 361 2733 1206 3680">
     <span class='ocr_line' id='line_1_14' title="bbox 361 2733 1205 2816; baseline 0.007 -22"><span class='ocrx_word' id='word_1_75' title='bbox 361 2782 366 2794; x_wconf 67' lang='grc'>,</span> <span class='ocrx_word' id='word_1_76' title='bbox 398 2733 475 2816; x_wconf 62' lang='lat' dir='ltr'>(m)</span> <span class='ocrx_word' id='word_1_77' title='bbox 495 2743 608 2799; x_wconf 83' lang='lat' dir='ltr'>Mileiius</span> <span class='ocrx_word' id='word_1_78' title='bbox 626 2745 740 2812; x_wconf 76' lang='lat' dir='ltr'>virgines</span> <span class='ocrx_word' id='word_1_79' title='bbox 755 2745 836 2797; x_wconf 84' lang='lat' dir='ltr'>mirus</span> <span class='ocrx_word' id='word_1_80' title='bbox 851 2745 954 2812; x_wconf 84' lang='lat' dir='ltr'>quidam</span> <span class='ocrx_word' id='word_1_81' title='bbox 975 2762 1046 2799; x_wconf 88' lang='lat' dir='ltr'>amor</span> <span class='ocrx_word' id='word_1_82' title='bbox 1063 2744 1205 2812; x_wconf 69' lang='lat' dir='ltr'>spontanea</span> 
     </span>
     <span class='ocr_line' id='line_1_15' title="bbox 396 2827 1206 2902; baseline 0 -18"><span class='ocrx_word' id='word_1_83' title='bbox 396 2889 402 2902; x_wconf 55' lang='grc'>,</span> <span class='ocrx_word' id='word_1_84' title='bbox 473 2831 563 2884; x_wconf 85' lang='lat' dir='ltr'>mortis</span> <span class='ocrx_word' id='word_1_85' title='bbox 579 2831 711 2898; x_wconf 79' lang='lat' dir='ltr'>quondam</span> <span class='ocrx_word' id='word_1_86' title='bbox 724 2827 877 2894; x_wconf 81' lang='lat' dir='ltr'>invaserat,</span> <span class='ocrx_word' id='word_1_87' title='bbox 906 2836 936 2882; x_wconf 88' lang='lat' dir='ltr'>ut</span> <span class='ocrx_word' id='word_1_88' title='bbox 949 2829 1028 2885; x_wconf 74' lang='lat' dir='ltr'>refert</span> <span class='ocrx_word' id='word_1_89' title='bbox 1043 2830 1127 2887; x_wconf 83' lang='lat' dir='ltr'>Aulus</span> <span class='ocrx_word' id='word_1_90' title='bbox 1144 2830 1206 2895; x_wconf 81' lang='lat' dir='ltr'>Gel-</span> 
     </span>
     <span class='ocr_line' id='line_1_16' title="bbox 473 2913 602 2968; baseline -0.008 -1"><span class='ocrx_word' id='word_1_91' title='bbox 473 2915 534 2968; x_wconf 87' lang='lat' dir='ltr'>lius.</span> <span class='ocrx_word' id='word_1_92' title='bbox 570 2913 602 2967; x_wconf 84' lang='lat' dir='ltr'>L.</span> 
     </span>
     <span class='ocr_line' id='line_1_17' title="bbox 403 2996 1205 3069; baseline 0 -15"><span class='ocrx_word' id='word_1_93' title='bbox 403 2997 467 3069; x_wconf 90' lang='lat' dir='ltr'>(n)</span> <span class='ocrx_word' id='word_1_94' title='bbox 485 2999 520 3054; x_wconf 82' lang='lat' dir='ltr'>lu</span> <span class='ocrx_word' id='word_1_95' title='bbox 533 3016 621 3054; x_wconf 80' lang='lat' dir='ltr'>ornnes</span> <span class='ocrx_word' id='word_1_96' title='bbox 642 2997 688 3056; x_wconf 83' lang='lat' dir='ltr'>fibi</span> <span class='ocrx_word' id='word_1_97' title='bbox 708 3008 821 3054; x_wconf 84' lang='lat' dir='ltr'>mortem</span> <span class='ocrx_word' id='word_1_98' title='bbox 839 2996 1000 3054; x_wconf 70' lang='lat' dir='ltr'>accetuvere.</span> <span class='ocrx_word' id='word_1_99' title='bbox 1037 2999 1076 3053; x_wconf 84' lang='lat' dir='ltr'>De</span> <span class='ocrx_word' id='word_1_100' title='bbox 1089 3001 1205 3067; x_wconf 82' lang='lat' dir='ltr'>Diogene</span> 
     </span>
     <span class='ocr_line' id='line_1_18' title="bbox 474 3083 1202 3152; baseline -0.004 -12"><span class='ocrx_word' id='word_1_101' title='bbox 474 3087 500 3140; x_wconf 85' lang='lat'>&amp;</span> <span class='ocrx_word' id='word_1_102' title='bbox 517 3085 662 3144; x_wconf 80' lang='lat' dir='ltr'>Xenocrate</span> <span class='ocrx_word' id='word_1_103' title='bbox 676 3086 789 3152; x_wconf 77' lang='lat' dir='ltr'>prodidit</span> <span class='ocrx_word' id='word_1_104' title='bbox 798 3085 923 3137; x_wconf 87' lang='lat' dir='ltr'>Laertius.</span> <span class='ocrx_word' id='word_1_105' title='bbox 944 3083 982 3136; x_wconf 88' lang='lat' dir='ltr'>De</span> <span class='ocrx_word' id='word_1_106' title='bbox 992 3083 1091 3151; x_wconf 86' lang='lat' dir='ltr'>Bruto,</span> <span class='ocrx_word' id='word_1_107' title='bbox 1111 3083 1202 3150; x_wconf 84' lang='lat' dir='ltr'>Caffio,</span> 
     </span>
     <span class='ocr_line' id='line_1_19' title="bbox 444 3169 979 3232; baseline -0.013 -5"><span class='ocrx_word' id='word_1_108' title='bbox 444 3171 633 3232; x_wconf 83' lang='lat' dir='ltr'>·&amp;Catone,</span> <span class='ocrx_word' id='word_1_109' title='bbox 653 3169 814 3223; x_wconf 76' lang='lat' dir='ltr'>Plutarchus,</span> <span class='ocrx_word' id='word_1_110' title='bbox 852 3169 884 3221; x_wconf 82' lang='lat' dir='ltr'>L.</span> <span class='ocrx_word' id='word_1_111' title='bbox 978 3174 979 3177; x_wconf 77' lang='grc'>’</span> 
     </span>
     <span class='ocr_line' id='line_1_20' title="bbox 403 3250 1203 3326; baseline -0.001 -19"><span class='ocrx_word' id='word_1_112' title='bbox 403 3250 463 3326; x_wconf 87' lang='grc' dir='ltr'>(ο)</span> <span class='ocrx_word' id='word_1_113' title='bbox 482 3256 522 3308; x_wconf 82' lang='lat' dir='ltr'>Ab</span> <span class='ocrx_word' id='word_1_114' title='bbox 535 3255 585 3308; x_wconf 85' lang='lat' dir='ltr'>hoo</span> <span class='ocrx_word' id='word_1_115' title='bbox 604 3255 706 3310; x_wconf 75' lang='lat' dir='ltr'>edoitus</span> <span class='ocrx_word' id='word_1_116' title='bbox 720 3252 774 3309; x_wconf 87' lang='lat' dir='ltr'>fuit</span> <span class='ocrx_word' id='word_1_117' title='bbox 787 3253 922 3316; x_wconf 76' lang='lat' dir='ltr'>Achilles,</span> <span class='ocrx_word' id='word_1_118' title='bbox 950 3253 992 3309; x_wconf 87' lang='lat' dir='ltr'>oui</span> <span class='ocrx_word' id='word_1_119' title='bbox 1008 3270 1069 3306; x_wconf 81' lang='lat' dir='ltr'>cunr</span> <span class='ocrx_word' id='word_1_120' title='bbox 1084 3255 1116 3311; x_wconf 86' lang='lat' dir='ltr'>ob</span> <span class='ocrx_word' id='word_1_121' title='bbox 1130 3254 1203 3320; x_wconf 69' lang='lat' dir='ltr'>justi-</span> 
     </span>
     <span class='ocr_line' id='line_1_21' title="bbox 404 3325 1203 3406; baseline -0.008 -12"><span class='ocrx_word' id='word_1_122' title='bbox 404 3325 407 3334; x_wconf 62' lang='grc'>’</span> <span class='ocrx_word' id='word_1_123' title='bbox 475 3341 538 3394; x_wconf 88' lang='lat' dir='ltr'>tiam</span> <span class='ocrx_word' id='word_1_124' title='bbox 554 3339 598 3391; x_wconf 88' lang='lat' dir='ltr'>Dii</span> <span class='ocrx_word' id='word_1_125' title='bbox 617 3341 810 3405; x_wconf 83' lang='lat' dir='ltr'>permitterent,</span> <span class='ocrx_word' id='word_1_126' title='bbox 831 3347 861 3392; x_wconf 91' lang='lat' dir='ltr'>ut</span> <span class='ocrx_word' id='word_1_127' title='bbox 873 3345 997 3406; x_wconf 85' lang='lat' dir='ltr'>perpetuo</span> <span class='ocrx_word' id='word_1_128' title='bbox 1010 3339 1130 3398; x_wconf 85' lang='lat' dir='ltr'>viveret,</span> <span class='ocrx_word' id='word_1_129' title='bbox 1151 3355 1203 3389; x_wconf 86' lang='lat' dir='ltr'>rna-</span> 
     </span>
     <span class='ocr_line' id='line_1_22' title="bbox 402 3420 1204 3492; baseline 0.005 -22"><span class='ocrx_word' id='word_1_130' title='bbox 402 3459 406 3470; x_wconf 80' lang='lat'><em>.</em></span> <span class='ocrx_word' id='word_1_131' title='bbox 475 3422 526 3476; x_wconf 85' lang='lat' dir='ltr'>luit</span> <span class='ocrx_word' id='word_1_132' title='bbox 541 3424 622 3486; x_wconf 86' lang='lat' dir='ltr'>mori,</span> <span class='ocrx_word' id='word_1_133' title='bbox 649 3425 717 3492; x_wconf 85' lang='lat' dir='ltr'>quod</span> <span class='ocrx_word' id='word_1_134' title='bbox 728 3423 901 3477; x_wconf 70' lang='lat' dir='ltr'>offenderetur</span> <span class='ocrx_word' id='word_1_135' title='bbox 915 3423 990 3478; x_wconf 73' lang='lat' dir='ltr'>tedio</span> <span class='ocrx_word' id='word_1_136' title='bbox 1005 3437 1091 3474; x_wconf 76' lang='lat' dir='ltr'>reruni</span> <span class='ocrx_word' id='word_1_137' title='bbox 1105 3420 1204 3488; x_wconf 81' lang='lat' dir='ltr'>semper</span> 
     </span>
     <span class='ocr_line' id='line_1_23' title="bbox 475 3505 1203 3579; baseline 0.005 -19"><span class='ocrx_word' id='word_1_138' title='bbox 475 3507 564 3560; x_wconf 83' lang='lat' dir='ltr'>eodem</span> <span class='ocrx_word' id='word_1_139' title='bbox 588 3513 677 3562; x_wconf 84' lang='lat' dir='ltr'>tenore</span> <span class='ocrx_word' id='word_1_140' title='bbox 700 3510 897 3572; x_wconf 71' lang='lat' dir='ltr'>recurrentium,</span> <span class='ocrx_word' id='word_1_141' title='bbox 941 3507 981 3571; x_wconf 67' lang='lat' dir='ltr'>ita</span> <span class='ocrx_word' id='word_1_142' title='bbox 1002 3505 1153 3579; x_wconf 64' lang='lat' dir='ltr'>Lucienus,</span> <span class='ocrx_word' id='word_1_143' title='bbox 1180 3531 1203 3574; x_wconf 71' lang='grc' dir='ltr'><strong><em>ῃ</em></strong></span> 
     </span>
     <span class='ocr_line' id='line_1_24' title="bbox 476 3591 842 3680; baseline -0.011 -32.812"><span class='ocrx_word' id='word_1_144' title='bbox 476 3611 598 3680; x_wconf 60' lang='grc' dir='ltr'>ηιςικοςξ·</span> <span class='ocrx_word' id='word_1_145' title='bbox 617 3597 659 3646; x_wconf 77' lang='lat'>26.</span> <span class='ocrx_word' id='word_1_146' title='bbox 689 3591 726 3656; x_wconf 54' lang='lat' dir='ltr'>sp,</span> <span class='ocrx_word' id='word_1_147' title='bbox 834 3614 842 3630; x_wconf 75' lang='lat'>=</span> 
     </span>
    </p>
   </div>
   <div class='ocr_carea' id='block_1_4' title="bbox 0 0 1634 4775">
    <p class='ocr_par' dir='ltr' id='par_1_5' title="bbox 0 0 1634 4775">
     <span class='ocr_line' id='line_1_25' title="bbox 0 0 1634 4775; baseline 0 0"><span class='ocrx_word' id='word_1_148' title='bbox 0 0 1634 4775; x_wconf 95' lang='lat' dir='ltr'> </span> 
     </span>
    </p>
   </div>
  </div>
 </body>
</html>
