3259 4775
333 914 336 918 ⁴
469 883 518 964 36
727 894 1006 957 uuaruz
1092 871 1096 882 “

327 1064 330 1070 ’
467 1030 527 1110 Ad
545 1031 826 1114 Lethes-nostrae
845 1038 1013 1126 fontem,
1043 1057 1127 1114 nam
1145 1034 1267 1116 insulse

468 1179 659 1256 fortunatis
679 1183 815 1267 oritur,
830 1177 1005 1281 siquidem
1020 1178 1116 1280 apud
1132 1180 1268 1257 inferos

468 1323 586 1396 tenuis
621 1321 738 1398 modo
770 1319 906 1398 rivulus
932 1319 1082 1412 labitur,
1104 1346 1166 1398 eos
1180 1345 1269 1421 pro·

466 1461 583 1549 duco,
610 1477 654 1540 ut
683 1461 788 1540 simul
806 1475 914 1562 atque
935 1461 1009 1539 illic
1027 1461 1140 1562 longa
1162 1476 1266 1562 pota-

353 1694 354 1700 Ν
463 1603 539 1677 rint
575 1603 737 1690 oblivia,
782 1599 955 1699 paulatim
997 1602 1119 1680 dilutis
1142 1604 1266 1680 'animi

464 1745 561 1818 curis
581 1743 833 1842 repubescanr
877 1739 926 1819 At
938 1741 993 1818 isti
1005 1744 1078 1838 jam
1100 1742 1263 1830 delirant,
1335 1747 1338 1752 '

465 1885 646 1984 inquiunt,
674 1884 747 1978 jam
760 1881 947 1982 desipiunt.
976 1879 1060 1960 Esto
1078 1883 1168 1960 sane.
1195 1881 1265 1960 Seu

457 2005 555 2102 ⁸istuc
581 2023 697 2122 ipsum
723 2025 773 2099 est
791 2023 1043 2123 repuerascere.
1097 2021 1156 2100 An
1176 2048 1266 2102 veto

463 2165 561 2242 aliud
595 2165 645 2240 est
671 2187 829 2264 puerum
859 2159 1065 2265 essequam
1102 2163 1263 2253 delirare,

464 2332 576 2407 quam
590 2304 774 2407 defipere?
799 2304 858 2381 An
879 2329 957 2380 non
981 2303 1054 2380 hoc
1074 2304 1131 2379 vel
1149 2308 1266 2382 maxi-.-

359 2537 362 2542 „
464 2473 525 2525 me
550 2451 588 2523 iu
616 2472 658 2523 ea
683 2447 832 2524 deleuat
864 2459 995 2533 atate,
1039 2442 1141 2545 quod
1172 2444 1265 2521 nihil

464 2589 580 2691 sapit?
617 2589 712 2683 Quis
733 2590 830 2672 enim
860 2610 937 2663 non
964 2600 1030 2663 ceu
1049 2562 1264 2684 portentum

464 2732 604 2817 oderit,
639 2745 748 2831 atque
775 2740 961 2805 execretur
989 2750 1145 2828 puerum
1169 2722 1264 2803 virili

374 2873 376 2880 '
463 2870 659 2973 sapientia?
697 2869 917 2971 astipulatur
948 2866 1130 2965 &vulgo
1159 2866 1264 2963 justa-

463 3028 546 3091 tum
574 3013 838 3113 proverbium,
875 3011 944 3102 (r)
978 3008 1049 3084 Odi
1072 3006 1265 3105 puerulum

459 3161 605 3257 pracoci
618 3155 803 3256 supientia.
858 3150 952 3244 Quis
975 3164 1096 3227 autem
1118 3148 1262 3227 sustine,

462 3293 523 3367 (r)
538 3297 661 3354 Senariur
676 3294 712 3351 est
725 3292 913 3363 proverbialis,
940 3292 966 3345 δι
981 3290 1075 3343 citatur
1087 3287 1119 3341 ab
1132 3286 1261 3357 Apuleio,

531 3388 559 3438 in
571 3385 679 3452 apologia
695 3379 902 3448 magiaeficunriu.
951 3375 1054 3428 Praecox
1066 3380 1151 3427 autern
1167 3377 1262 3433 dicitur

533 3471 601 3539 quod
616 3477 677 3523 ante
696 3477 798 3535 tempus
814 3463 970 3521 maturescit.
1007 3464 1038 3521 L.
1083 3458 1178 3529 Talem
1199 3482 1263 3532 pue·

532 3573 592 3611 rum
611 3554 751 3623 Sophocles
770 3551 930 3629 aimatosa
948 3561 1031 3611 vocat.
1097 3553 1164 3615 Vide
1186 3553 1258 3623 adar.

529 3640 639 3697 Etasmi.
677 3640 708 3696 Β.
