3259 4775
422 859 531 961 ³276
712 850 1027 943 monitu·

456 1006 649 1096 mandant,
667 1022 729 1085 aut
747 1008 787 1086 in
809 1005 973 1096 Fratres,
996 1030 1089 1110 quos
1106 982 1259 1101 vomo
1384 986 1400 1009 '²

453 1174 496 1229 ac
514 1152 673 1255 vicarios¹
684 1132 860 1245 rejiciunt.
912 1146 1045 1249 Neque
1061 1151 1120 1227 vel
1134 1155 1256 1230 nomi-

453 1292 507 1366 nis
530 1289 583 1367 lui
601 1289 856 1376 recordantur,
873 1290 962 1391 quid
980 1284 1082 1369 sonet
1099 1290 1256 1392 Epefcopi

453 1430 696 1519 vocabulum,
718 1430 856 1531 ‘nempe
884 1430 1079 1522 laborem,
1107 1458 1250 1524 euram,

449 1571 734 1650 sollicitudinem
799 1570 993 1648 Verum
981 1598 1021 1649 m
1051 1576 1254 1652 irretiendis

450 1716 635 1815 pecuniis,
668 1712 774 1811 plane
796 1709 985 1809 episcopos
1016 1726 1160 1809 agunt,
1199 1710 1255 1803 κδ’,
1266 1761 1282 1771 2

384 1950 388 1959 ¹
450 1851 734 1946 cinamomo&
747 1847 856 1940 ).

506 1990 565 2071 Ad
598 1990 756 2070 eundem
792 1990 950 2070 modum
984 1986 1190 2073 cardinales
1223 1990 1251 2069 ii

448 2138 613 2233 cogitent
627 2128 725 2212 lese
714 2158 753 2211 m
767 2135 1017 2254 apostolorum
1031 2123 1158 2212 locum
1172 2132 1250 2211 suc·

448 2274 528 2353 cell
529 2274 596 2363 lle
616 2274 742 2353 eadem
761 2277 804 2351 ab
825 2262 906 2374 ipfis
925 2278 1079 2376 requiri,
1098 2297 1178 2376 quae
1196 2273 1250 2350 illi

447 2417 693 2516 praestiterunt
723 2413 868 2494 Deinde
886 2439 964 2491 non
979 2415 1149 2494 dominos
1167 2411 1246 2502 elle,

444 2553 506 2635 ted
527 2551 828 2650 administratores
855 2550 1063 2650 spiritalium
1088 2552 1251 2644 dotium,

370 2729 377 2748 ·
439 2691 493 2798 de
534 2693 664 2794 quibus
708 2692 879 2767 omnibus
917 2687 987 2768 fint
1018 2692 1248 2794 paulopost
1305 2749 1310 2758 -

447 2829 657 2911 exailillrme
677 2828 853 2910 reddituri
877 2835 1064 2912 rationem.
1117 2832 1249 2914 lmoii

446 2974 506 3053 vel
529 2961 569 3052 in
590 2974 693 3053 cultu
721 2972 897 3077 paulisper
918 2967 1248 3078 philosophentur,

445 3129 553 3218 atque
574 3119 623 3198 ita
642 3114 761 3194 secum
775 3119 957 3215 cogitent,
984 3116 1073 3218 quid
1088 3115 1152 3190 fibi
1165 3113 1247 3196 verit
1316 3141 1320 3145 ’

438 3255 507 3360 {hic
528 3257 671 3341 vestitus
694 3257 831 3335 candor
849 3255 867 3332 i
906 3255 1044 3333 Nonne
1066 3255 1245 3334 summam

299 3423 337 3508 *¹
445 3397 484 3474 δι
519 3401 688 3476 eximiam
714 3401 796 3476 vitae
824 3396 1100 3476 innocentiam?
1140 3397 1244 3494 Quid
1315 3468 1326 3492 ,

445 3533 505 3606 (r)
523 3537 553 3590 1‹1
569 3537 620 3592 est
639 3535 953 3608 Neuaeeqtcespeoulatio
988 3534 1245 3604 Hemisticlu'umtst

512 3620 691 3679 Homericum.
728 3621 762 3684 L
882 3627 887 3634 “
