3259 4775
550 846 954 957 urnnmiou
1107 870 1155 970 m

355 1010 555 1095 ‘commoda
586 1016 722 1096 debetis
739 1060 760 1107 ‚x
777 1016 953 1121 quodque
977 1016 1027 1095 est
1045 1016 1161 1117 longe

357 1156 620 1247 dulciffimum‚
645 1158 759 1238 aliena
778 1158 942 1237 fruimini
959 1158 1100 1238 insania.

428 1294 529 1397 Ergo
554 1298 788 1401 posteaquam
817 1296 909 1375 mihi
937 1298 1160 1379 fortitudinia

357 1440 596 1519 &industriae
617 1440 763 1523 laudem
787 1438 988 1529 vindicavi,
1025 1436 1162 1543 quidsi

356 1576 558 1681 prudentiae
574 1606 724 1685 quoque
744 1580 951 1661 vindicem?
978 1578 1049 1659 Sed
1060 1580 1163 1659 dixe·

356 1725 405 1798 rit
435 1720 563 1825 aliquis
598 1723 724 1801 eadem
761 1746 872 1825 opera
901 1724 1027 1825 ignem
1060 1744 1162 1825 aquae

265 1882 268 1889 ⁴
358 1860 522 1950 misceas,
547 1864 680 1943 licebit
733 1861 877 1944 Verum
905 1863 979 1943 hoc
998 1879 1163 1967 *quoque

296 2002 299 2009 ’
358 1998 597 2085 succeliuium
608 2006 774 2091 arbitror,
799 2001 1043 2091 fivosmodo‚
1060 2001 1164 2104 quod

358 2138 511 2217 antehac
538 2140 686 2229 fecistis,
716 2142 861 2219 auribus
894 2118 1166 2241 atqueianimit

212 2326 215 2331 ·
358 2279 532 2357 favebitis.
583 2276 767 2381 Principio
794 2276 822 2355 fi
847 2290 969 2357 rerum
989 2278 1053 2357 usu
1074 2302 1165 2359 con·

358 2421 426 2497 stat
445 2420 655 2521 prudentia,
684 2423 723 2497 in
741 2435 868 2502 utrum
886 2424 1001 2521 magis
1015 2443 1167 2524 compe·

359 2575 414 2638 tet
436 2563 514 2658 ejus
538 2538 771 2662 cngnominia
789 2560 937 2650 honos,
965 2563 1006 2638 in
1028 2559 1165 2663 sapien·

316 2715 320 2720 ’
359 2715 459 2790 tem,
489 2705 555 2802 qui
572 2705 705 2803 partim
721 2704 772 2780 ob
793 2702 999 2806 pudorem,
1031 2705 1167 2804 partim

361 2845 413 2920 ob
440 2846 553 2920 animi
573 2841 805 2920 timiditatem
822 2841 915 2920 nihil
931 2843 1162 2942 aggreditur,

336 2987 410 3060 'an
428 2987 468 3060 in
490 2981 664 3072 stultum,
691 2987 803 3084 quem
817 3004 938 3083 neque
952 2980 1075 3082 pudor
1086 3003 1166 3084 quo

361 3140 484 3212 vadat,
509 3147 628 3225 neque
638 3121 864 3224 peniculum,
878 3119 983 3222 quod
993 3143 1073 3198 non
1084 3127 1167 3224 peak

362 3264 512 3365 pendit,
538 3267 584 3344 ab
617 3262 691 3343 ulla
717 3285 758 3340 re
789 3259 980 3338 detenet?
1017 3258 1166 3362 Sapiem

364 3402 536 3481 adlibros
544 3397 724 3482 Veterum
738 3401 928 3500 confligit,
953 3413 1063 3502 atque
1079 3399 1169 3478 hinc

361 3565 481 3626 mem
501 3565 639 3620 vocum
657 3545 815 3644 argutias
836 3538 967 3622 edicit
1028 3537 1168 3622 stultu
