3259 4775
581 877 973 941 rrrnmros
1109 877 1178 949 rm

380 1027 460 1087 non
479 1028 571 1091 raro,
596 1004 685 1107 dum
708 1006 805 1080 vinci
823 1002 938 1103 pudet
958 1004 995 1078 in
1020 1004 1185 1077 certami·

382 1146 500 1233 nibus,
522 1144 622 1221 ducit
640 1145 709 1231 ilia,
738 1146 775 1219 δι
794 1146 833 1219 in
849 1143 949 1220 bellis
967 1146 1056 1220 dum
1070 1144 1185 1219 ambit

381 1284 631 1385 triumphum,
649 1284 879 1372 confoditur,
900 1283 1077 1388 simulque
1096 1308 1183 1360 cum

380 1423 507 1502 sessore
532 1440 663 1502 terram
692 1420 755 1513 ore
783 1426 993 1502 momordit
1056 1423 1109 1501 Ut
1134 1448 1190 1522 ne
1247 1401 1279 1464 s

382 1590 672 1643 commemorem
695 1568 842 1643 interim
867 1565 947 1657 (d)
973 1566 1094 1665 lupata
1113 1564 1183 1641 fre.

378 1708 633 1821 na, aculeata
653 1706 820 1793 calcaria,
848 1705 975 1783 stabuli
988 1728 1179 1793 carcerem,

378 1838 526 1936 sonticas
552 1906 562 1935 ,
601 1849 740 1935 fustes,
777 1848 951 1935 vincula,
993 1846 1178 1958 sessorem,

267 1952 270 1963 ,
377 1990 536 2065 breviter
560 2012 710 2083 omnem
733 1988 831 2063 illam
851 1989 1026 2065 servitutis
1046 2004 1182 2084 tragoe-

261 2117 264 2123 ’
379 2126 495 2214 diam,
524 2130 584 2204 eui
603 2126 635 2201 se
655 2128 752 2203 ultro
774 2127 930 2212 addixit,
961 2128 1051 2205 dum
1069 2128 1180 2203 sortes

377 2270 477 2345 viros
498 2270 669 2353 imitatus,
689 2263 881 2365 impensius
904 2265 1045 2342 hostem
1061 2266 1182 2343 ulcisci

373 2411 498 2487 studet
519 2413 536 2507 (
547 2404 603 2497 e).
655 2407 808 2500 Qranto
832 2408 1027 2507 optabilior
1045 2408 1181 2486 musca,

301 2533 305 2558 ’
378 2574 462 2628 rum
478 2549 514 2625 iic
529 2549 748 2626 avicularum
762 2551 834 2624 vita
848 2573 895 2657 ex
908 2565 1073 2651 tempore
1085 2550 1181 2627 solo·

380 2716 452 2791 que
471 2703 605 2771 naturae
624 2689 722 2802 sensu
738 2689 970 2790 degentium,
988 2693 1102 2769 modo
1117 2717 1180 2795 per

377 2831 574 2909 hominum
586 2828 724 2906 infidias
740 2819 857 2906 liceat.
882 2830 976 2927 Quae
990 2830 1016 2906 fi
1030 2831 1178 2932 quando
1283 2940 1286 2943 x

367 2991 440 3072 (d)
457 3003 556 3071 Lupnta
574 2989 647 3057 sr'ena
668 3003 790 3056 dicuntur
810 2999 947 3068 asperrima
960 2999 992 3053 ml
1009 3002 1178 3061 dominan'dos

381 3134 389 3152 „
447 3105 524 3156 equos
544 3086 702 3154 praeferoces.
734 3086 860 3153 Virgilius
877 3088 905 3138 in
924 3085 1055 3151 Georgicis.
1087 3089 1179 3140 Erdu-

445 3175 480 3224 ris
491 3186 576 3240 parere
589 3174 684 3239 lupatis.
722 3169 864 3225 Dislasunt
879 3188 894 3223 a
910 3170 1030 3237 luporum
1047 3173 1177 3234 dentibus,

402 3261 404 3268 '
447 3255 566 3322 quisunt
586 3256 741 3325 inequales,
769 3257 794 3310 ἃ
816 3255 849 3309 ol)
870 3257 897 3308 id
914 3251 1011 3309 morsus
1026 3255 1104 3321 hujus
1122 3257 1177 3309 ani-

445 3343 540 3394 mantis
554 3344 633 3408 magis
648 3341 683 3395 est
696 3342 797 3394 noxius.
835 3341 868 3393 L.

377 3410 393 3491 s
400 3421 435 3491 e)
453 3423 584 3493 Apologus
602 3427 637 3478 est
653 3427 720 3494 apud
740 3425 879 3478 Horatium
900 3426 931 3478 de
951 3441 1035 3491 equo,
1055 3425 1177 3492 quidum

368 3519 370 3526 ’
447 3515 553 3566 conatur
573 3525 678 3564 cervum
695 3511 902 3571 ecommunibus
919 3507 1017 3575 pascois
1031 3507 1175 3576 depellere,

393 3601 397 3614 ·
436 3587 548 3667 fiffirem
560 3601 626 3660 tergo
633 3629 641 3660 ‚
662 3595 696 3658 ξφ
703 3597 805 3664 frenum
817 3613 857 3649 ore
871 3596 967 3661 recepit.
1004 3592 1037 3647 L.
1092 3613 1100 3622 ·
