3259 4775
1195 713 1219 775 a„

475 845 550 908 Μ
732 851 765 906 M
789 850 823 910 Ω
847 856 867 910 l‘
891 852 905 910 l
928 851 956 910 A
979 853 1008 910 Σ

473 968 565 1046 nihil
587 967 693 1046 refert
714 995 824 1071 quam
851 971 897 1049 ad
923 998 1003 1050 rem
1026 976 1268 1074 pertinentes,

473 1110 636 1210 dumque
655 1109 870 1208 glossematis
889 1112 1105 1214 glossemata,
1128 1118 1274 1215 opinio-
1326 1207 1333 1232 ὗ

473 1275 538 1329 nea
566 1240 800 1350 opinionibus
832 1255 1079 1344 cumulantes,
1098 1252 1269 1344 efficiunt,

473 1406 516 1472 ut
542 1391 699 1486 studium
717 1395 806 1475 lllud
828 1371 995 1475 omnium
1020 1394 1275 1474 difficillimum

474 1531 540 1610 elle
563 1535 732 1613 videatur.
786 1535 975 1636 Quicquid
996 1539 1093 1612 enirn
1113 1507 1295 1612 laborm-¹

472 1674 575 1763 sum,
602 1676 700 1751 idem
717 1671 884 1774 protinus
905 1678 943 1750 dc
966 1674 1175 1772 praclarum
1192 1677 1274 1752 exi.
1312 1701 1316 1707 ·
1415 1717 1422 1734 .

474 1815 626 1892 stimant

522 1954 774 2078 Adiungamus
795 1952 851 2030 his
871 1948 1072 2030 dialedicos
1090 1977 1132 2028 ac
1153 1950 1273 2052 sophi·

473 2097 540 2174 stas
561 2091 657 2192 (r),
685 2093 880 2172 hominum
908 2118 1024 2193 genus
1046 2096 1175 2194 quovis
1203 2117 1273 2170 aere

473 2235 671 2314 Dodonaeo
701 2211 890 2334 loquacius
914 2234 1013 2331 (s),
1049 2249 1092 2311 ut
1112 2258 1272 2335 quorum

475 2369 531 2442 (r)
552 2349 756 2427 bdlcribendum
784 2371 829 2423 hic
855 2377 935 2436 erat,
964 2371 1034 2441 quod
1058 2372 1122 2426 olim
1144 2370 1271 2438 Listrius,

543 2460 618 2521 culus
635 2456 671 2510 est
686 2458 735 2509 hoc
752 2454 1009 2521 Commentariolum,
1023 2457 1088 2509 mihi
1100 2458 1272 2526 interroganti

542 2541 692 2608 respondit,
717 2539 791 2591 nobis
819 2540 891 2591 enim
922 2537 999 2594 {imul
1023 2542 1271 2610 deambulantibus,

542 2625 707 2689 incidimus,
734 2618 820 2676 nescio
841 2640 894 2692 qno
909 2622 1006 2692 patto,
1033 2626 1221 2699 indemnem
1236 2628 1270 2683 de
1343 2633 1368 2695 ᾗ

443 2762 448 2789 a
541 2709 628 2779 parvis
639 2692 802 2777 logicnlibus.
830 2725 878 2778 ego
886 2709 985 2775 aiebam
998 2699 1095 2778 optim}
1107 2712 1187 2765 abbis
1200 2711 1269 2777 lieri,

541 2796 587 2863 qui
601 2794 673 2847 bona
687 2794 785 2868 indolis
801 2794 975 2871 adolescentes
994 2796 1026 2850 ab
1044 2798 1076 2851 iis
1099 2814 1175 2864 quam
1191 2798 1272 2852 vehe-

541 2876 696 2935 mentiffime
714 2880 922 2937 dehortarentur.
942 2881 993 2936 llic
1010 2889 1097 2936 autem
1111 2883 1206 2950 inquit,
1222 2900 1272 2950 ego

543 2961 642 3021 etiamsi
668 2966 742 3032 copia
765 2965 842 3020 aliter
858 2965 1020 3025 abstrahendi
1042 2964 1120 3028 ellat,
1139 2966 1273 3035 haudqua-

476 3108 479 3117 ,
545 3059 622 3119 quam
641 3049 755 3119 facerem
774 3052 860 3116 ideo,
884 3066 944 3103 nam
963 3048 1106 3105 ficaudido
1129 3049 1189 3103 talis
1208 3066 1272 3116 pra-

541 3137 612 3189 dinas
637 3136 742 3203 ingenio
762 3134 855 3199 foret,
880 3150 960 3202 quum
976 3136 1090 3203 primum
1112 3133 1175 3201 quid
1201 3132 1271 3196 lucri

542 3218 633 3276 inellet
653 3238 683 3275 eo
705 3221 810 3285 studio,
842 3216 1020 3286 perspexerit,
1052 3216 1106 3285 ipse
1123 3214 1270 3288 deflueret,

542 3304 676 3360 lbiminns
700 3303 772 3359 nefas
786 3301 850 3358 esset
865 3300 1012 3366 hujusmodi
1025 3300 1074 3355 sua
1089 3304 1270 3370 imprudentia

538 3392 672 3459 tensione,
681 3388 737 3444 fere
747 3386 864 3443 dixiffem
879 3386 1000 3441 stultitia.
1015 3388 1091 3443 Amin
1104 3403 1145 3454 ις.
1178 3391 1265 3443 Mne.

472 3472 530 3549 (s)
546 3476 579 3530 ln
596 3474 700 3531 oraculo
713 3474 791 3540 Jovis
811 3473 962 3539 Dodonae,
988 3472 1062 3529 locus
1080 3484 1136 3532 erat
1153 3476 1270 3541 undique

541 3560 629 3629 septus
650 3561 727 3615 'areis
751 3560 882 3615 lebetibus
908 3558 944 3613 ita
961 3558 1134 3634 compositus,
1152 3568 1182 3617 ut
1199 3574 1270 3611 unus

540 3639 1271 3725 motusmoverstproximmfflaitemproximumfflr·
