3259 4775
610 891 937 962 m

372 1027 618 1118 manicaret„
678 1022 814 1115 Simul
833 1051 935 1140 ego,
966 1027 1038 1140 qui
1056 961 1177 1116 illum

264 1242 267 1249 .
374 1159 568 1250 videlicet
605 1156 800 1249 secellum
831 1179 913 1249 nec
941 1157 1099 1250 defidiae
1135 1167 1177 1252 &

375 1292 584 1409 languori,
614 1323 750 1412 neque
769 1325 870 1386 vero
896 1293 1178 1412 voluptatibus

253 1464 257 1471 ’
376 1438 553 1522 omnino
583 1432 744 1523 fueram
775 1432 1021 1541 meditatur,
1051 1429 1179 1522 isthac

231 1643 236 1651 .
376 1565 502 1658 semel
523 1569 693 1683 defungi
713 1597 837 1686 opera
859 1568 968 1686 apud
988 1572 1179 1660 amnium

375 1733 523 1808 meum
567 1704 772 1797 constitui.
853 1708 998 1824 Itaque
1040 1708 1181 1796 curavi

377 1842 569 1957 quidem,
598 1847 662 1932 uti
683 1840 867 1952 libellus,
897 1872 980 1960 quo
992 1843 1178 1950 decebat,

378 1974 543 2066 cultu&
556 1982 690 2066 nitore
704 1979 906 2092 prodiret,
925 1984 966 2066 δι
982 1975 1182 2068 Holbenii

378 2107 523 2223 figuris
537 2124 732 2219 arnalde,
748 2111 957 2219 &Lillrii,
985 2110 1183 2201 Rhenen·

378 2243 432 2335 srs
456 2243 628 2355 medici,
654 2235 821 2338 Erafino
845 2250 1038 2361 inprimis
1063 2243 1182 2334 fami-

377 2380 525 2492 liaria,
569 2395 774 2499 quotquot
804 2378 1021 2472 servandas
1056 2381 1179 2493 duxi,

378 2523 492 2609 notis
507 2516 741 2610 illustratus.
781 2520 898 2611 Nam
908 2515 1120 2640 plerasque
1131 2510 1212 2610 ad*
1247 2610 1250 2617 .

381 2656 668 2771 explicandam
700 2655 877 2745 aucloris
908 2668 1099 2746 mentem
1122 2646 1185 2740 nil

382 2790 476 2883 sane
501 2790 761 2882 conferentes
780 2788 870 2881 illas
889 2791 1069 2883 recidere
1093 2785 1186 2877 reli-
1260 2902 1263 2908 Α

230 2950 234 2959 ’
270 3042 273 3047 ¹
322 3049 329 3061 Ι
382 2932 499 3043 gioni
512 2955 600 3016 non
618 2928 732 3017 duxi.
789 2929 1010 3036 Praeterea,
1045 2928 1186 3040 quo&

384 3069 587 3180 apropria
605 3064 782 3180 quadarn
808 3094 856 3153 ac
872 3060 1065 3179 peculiari
1088 3062 1211 3149 dote

381 3198 483 3291 huic
503 3197 649 3291 nostrae
681 3198 854 3290 editioni
873 3197 1051 3315 aliquam
1075 3196 1188 3311 com·

384 3340 693 3425 mentationem
732 3363 988 3452 quaererem,
1041 3331 1187 3423 additae

385 3467 481 3561 sunt
500 3472 650 3562 codicis
672 3469 909 3573 Basdeenfis
932 3467 1191 3559 animadver-

386 3602 523 3699 fiones
554 3603 806 3717 nonnulla,
861 3632 961 3723 quas
995 3602 1186 3723 praeduci,
1263 3660 1267 3667 ·
