<?xml version="1.0" encoding="UTF-8"?>
<!DOCTYPE html PUBLIC "-//W3C//DTD XHTML 1.0 Transitional//EN"
    "http://www.w3.org/TR/xhtml1/DTD/xhtml1-transitional.dtd">
<html xmlns="http://www.w3.org/1999/xhtml" xml:lang="en" lang="en">
 <head>
  <title>
</title>
<meta http-equiv="Content-Type" content="text/html;charset=utf-8" />
  <meta name='ocr-system' content='tesseract 3.04.00' />
  <meta name='ocr-capabilities' content='ocr_page ocr_carea ocr_par ocr_line ocrx_word'/>
</head>
<body>
  <div class='ocr_page' id='page_1' title='image "./mriasenkmionrom00erasgoog_0109.png"; bbox 0 0 3259 4775; ppageno 0'>
   <div class='ocr_carea' id='block_1_1' title="bbox 361 875 1172 1124">
    <p class='ocr_par' dir='ltr' id='par_1_1' title="bbox 361 875 1172 1124">
     <span class='ocr_line' id='line_1_1' title="bbox 561 875 1168 970; baseline 0 -14"><span class='ocrx_word' id='word_1_1' title='bbox 561 875 974 958; x_wconf 75' lang='lat' dir='ltr'>rruonron&#39;</span> <span class='ocrx_word' id='word_1_2' title='bbox 1117 891 1168 970; x_wconf 64' lang='lat' dir='ltr'>m</span> 
     </span>
     <span class='ocr_line' id='line_1_2' title="bbox 361 1017 1172 1124; baseline 0 -24"><span class='ocrx_word' id='word_1_3' title='bbox 361 1021 490 1124; x_wconf 77' lang='lat' dir='ltr'>quam·</span> <span class='ocrx_word' id='word_1_4' title='bbox 512 1019 711 1124; x_wconf 82' lang='lat' dir='ltr'><strong>supplicem</strong></span> <span class='ocrx_word' id='word_1_5' title='bbox 745 1020 977 1100; x_wconf 86' lang='lat' dir='ltr'>candidatum</span> <span class='ocrx_word' id='word_1_6' title='bbox 1017 1017 1172 1100; x_wconf 83' lang='lat' dir='ltr'>blandiri</span> 
     </span>
    </p>
   </div>
   <div class='ocr_carea' id='block_1_2' title="bbox 245 1163 1205 1265">
    <p class='ocr_par' dir='ltr' id='par_1_2' title="bbox 245 1163 1205 1265">
     <span class='ocr_line' id='line_1_3' title="bbox 245 1163 1205 1265; baseline 0.021 -43"><span class='ocrx_word' id='word_1_7' title='bbox 245 1217 249 1222; x_wconf 86' lang='grc'><em>,</em></span> <span class='ocrx_word' id='word_1_8' title='bbox 368 1163 532 1265; x_wconf 84' lang='lat' dir='ltr'>populo,</span> <span class='ocrx_word' id='word_1_9' title='bbox 563 1165 758 1261; x_wconf 83' lang='lat' dir='ltr'>congiariis</span> <span class='ocrx_word' id='word_1_10' title='bbox 774 1164 937 1240; x_wconf 87' lang='lat' dir='ltr'>favorem</span> <span class='ocrx_word' id='word_1_11' title='bbox 956 1163 1168 1250; x_wconf 81' lang='lat' dir='ltr'>emerem),</span> <span class='ocrx_word' id='word_1_12' title='bbox 1203 1179 1205 1193; x_wconf 91' lang='lat'>&#39;</span> 
     </span>
    </p>
   </div>
   <div class='ocr_carea' id='block_1_3' title="bbox 263 1303 1174 2395">
    <p class='ocr_par' dir='ltr' id='par_1_3' title="bbox 360 1303 1173 2109">
     <span class='ocr_line' id='line_1_4' title="bbox 367 1303 1172 1406; baseline -0.004 -23"><span class='ocrx_word' id='word_1_13' title='bbox 367 1309 490 1383; x_wconf 80' lang='lat' dir='ltr'>venari</span> <span class='ocrx_word' id='word_1_14' title='bbox 512 1320 571 1382; x_wconf 90' lang='lat' dir='ltr'>tot</span> <span class='ocrx_word' id='word_1_15' title='bbox 586 1303 785 1384; x_wconf 85' lang='lat' dir='ltr'>stultorum</span> <span class='ocrx_word' id='word_1_16' title='bbox 805 1304 1019 1406; x_wconf 81' lang='lat' dir='ltr'>applausus,</span> <span class='ocrx_word' id='word_1_17' title='bbox 1058 1303 1172 1380; x_wconf 85' lang='lat' dir='ltr'>accla-</span> 
     </span>
     <span class='ocr_line' id='line_1_5' title="bbox 360 1437 1171 1547; baseline 0.001 -24"><span class='ocrx_word' id='word_1_18' title='bbox 360 1448 591 1524; x_wconf 79' lang='lat' dir='ltr'>mationibus</span> <span class='ocrx_word' id='word_1_19' title='bbox 614 1443 684 1523; x_wconf 79' lang='lat' dir='ltr'>nbi</span> <span class='ocrx_word' id='word_1_20' title='bbox 712 1446 876 1547; x_wconf 76' lang='lat' dir='ltr'>placere3</span> <span class='ocrx_word' id='word_1_21' title='bbox 913 1447 952 1521; x_wconf 92' lang='lat' dir='ltr'>in</span> <span class='ocrx_word' id='word_1_22' title='bbox 982 1437 1171 1544; x_wconf 83' lang='lat' dir='ltr'>triumpho</span> 
     </span>
     <span class='ocr_line' id='line_1_6' title="bbox 368 1583 1173 1690; baseline -0.002 -26"><span class='ocrx_word' id='word_1_23' title='bbox 368 1587 482 1665; x_wconf 88' lang='lat' dir='ltr'>veluti</span> <span class='ocrx_word' id='word_1_24' title='bbox 504 1586 647 1686; x_wconf 80' lang='lat' dir='ltr'>signum</span> <span class='ocrx_word' id='word_1_25' title='bbox 678 1587 828 1689; x_wconf 84' lang='lat' dir='ltr'>aliquod</span> <span class='ocrx_word' id='word_1_26' title='bbox 852 1587 994 1690; x_wconf 87' lang='lat' dir='ltr'>populo</span> <span class='ocrx_word' id='word_1_27' title='bbox 1016 1583 1173 1688; x_wconf 73' lang='lat' dir='ltr'>specian-</span> 
     </span>
     <span class='ocr_line' id='line_1_7' title="bbox 367 1726 1172 1819; baseline -0.002 -14"><span class='ocrx_word' id='word_1_28' title='bbox 367 1728 460 1806; x_wconf 89' lang='lat' dir='ltr'>dum</span> <span class='ocrx_word' id='word_1_29' title='bbox 481 1732 711 1819; x_wconf 85' lang='lat' dir='ltr'>circunferri,</span> <span class='ocrx_word' id='word_1_30' title='bbox 738 1752 881 1808; x_wconf 82' lang='lat' dir='ltr'>aeneum</span> <span class='ocrx_word' id='word_1_31' title='bbox 901 1732 939 1805; x_wconf 91' lang='lat' dir='ltr'>in</span> <span class='ocrx_word' id='word_1_32' title='bbox 953 1729 1036 1806; x_wconf 88' lang='lat' dir='ltr'>foro</span> <span class='ocrx_word' id='word_1_33' title='bbox 1056 1726 1172 1806; x_wconf 85' lang='lat' dir='ltr'>stare?</span> 
     </span>
     <span class='ocr_line' id='line_1_8' title="bbox 367 1868 1173 1968; baseline -0.005 -20"><span class='ocrx_word' id='word_1_34' title='bbox 367 1868 474 1948; x_wconf 79' lang='lat' dir='ltr'>Adde</span> <span class='ocrx_word' id='word_1_35' title='bbox 510 1870 566 1947; x_wconf 91' lang='lat' dir='ltr'>his</span> <span class='ocrx_word' id='word_1_36' title='bbox 600 1877 795 1948; x_wconf 90' lang='lat' dir='ltr'>nominum</span> <span class='ocrx_word' id='word_1_37' title='bbox 827 1874 866 1948; x_wconf 65' lang='grc' dir='ltr'>ἃ</span> <span class='ocrx_word' id='word_1_38' title='bbox 903 1873 1173 1968; x_wconf 86' lang='lat' dir='ltr'>cognominum</span> 
     </span>
     <span class='ocr_line' id='line_1_9' title="bbox 364 2011 1169 2109; baseline -0.007 -19"><span class='ocrx_word' id='word_1_39' title='bbox 364 2011 598 2109; x_wconf 82' lang='lat' dir='ltr'>adoptiones.</span> <span class='ocrx_word' id='word_1_40' title='bbox 641 2011 777 2086; x_wconf 79' lang='lat' dir='ltr'>‘Adde</span> <span class='ocrx_word' id='word_1_41' title='bbox 810 2011 953 2088; x_wconf 88' lang='lat' dir='ltr'>divinos</span> <span class='ocrx_word' id='word_1_42' title='bbox 988 2011 1169 2096; x_wconf 74' lang='lat' dir='ltr'>honores&#39;,</span> 
     </span>
    </p>

    <p class='ocr_par' dir='ltr' id='par_1_4' title="bbox 263 2145 1174 2395">
     <span class='ocr_line' id='line_1_10' title="bbox 322 2145 1173 2254; baseline -0.004 -29"><span class='ocrx_word' id='word_1_43' title='bbox 322 2156 326 2166; x_wconf 84' lang='lat'>&#39;</span> <span class='ocrx_word' id='word_1_44' title='bbox 368 2145 616 2254; x_wconf 86' lang='lat' dir='ltr'>homuncioni</span> <span class='ocrx_word' id='word_1_45' title='bbox 647 2146 854 2235; x_wconf 87' lang='lat' dir='ltr'>exhibitos,</span> <span class='ocrx_word' id='word_1_46' title='bbox 891 2149 983 2224; x_wconf 83' lang='lat' dir='ltr'>addo</span> <span class='ocrx_word' id='word_1_47' title='bbox 1019 2149 1173 2247; x_wconf 88' lang='lat' dir='ltr'>publicis</span> 
     </span>
     <span class='ocr_line' id='line_1_11' title="bbox 263 2286 1174 2395; baseline -0.007 -25"><span class='ocrx_word' id='word_1_48' title='bbox 263 2315 273 2328; x_wconf 95' lang='grc'><em>·</em></span> <span class='ocrx_word' id='word_1_49' title='bbox 369 2291 586 2370; x_wconf 86' lang='lat' dir='ltr'>ceremoniis</span> <span class='ocrx_word' id='word_1_50' title='bbox 603 2291 641 2363; x_wconf 93' lang='lat' dir='ltr'>in</span> <span class='ocrx_word' id='word_1_51' title='bbox 661 2286 765 2395; x_wconf 80' lang='lat' dir='ltr'>Deos</span> <span class='ocrx_word' id='word_1_52' title='bbox 787 2288 918 2364; x_wconf 84' lang='lat' dir='ltr'>relatos</span> <span class='ocrx_word' id='word_1_53' title='bbox 941 2291 1048 2391; x_wconf 83' lang='lat' dir='ltr'>etiam</span> <span class='ocrx_word' id='word_1_54' title='bbox 1068 2287 1174 2364; x_wconf 85' lang='lat' dir='ltr'>scele-</span> 
     </span>
    </p>
   </div>
   <div class='ocr_carea' id='block_1_4' title="bbox 368 2406 1173 2533">
    <p class='ocr_par' dir='ltr' id='par_1_5' title="bbox 368 2406 1173 2533">
     <span class='ocr_line' id='line_1_12' title="bbox 368 2406 1173 2533; baseline -0.001 -22"><span class='ocrx_word' id='word_1_55' title='bbox 368 2429 558 2511; x_wconf 84' lang='lat' dir='ltr'>ratiffimos</span> <span class='ocrx_word' id='word_1_56' title='bbox 591 2444 766 2533; x_wconf 87' lang='lat' dir='ltr'>tyrannos</span> <span class='ocrx_word' id='word_1_57' title='bbox 800 2428 895 2526; x_wconf 83' lang='lat' dir='ltr'><strong>(x).</strong></span> <span class='ocrx_word' id='word_1_58' title='bbox 968 2406 1173 2511; x_wconf 84' lang='lat' dir='ltr'>Stultissima</span> 
     </span>
    </p>
   </div>
   <div class='ocr_carea' id='block_1_5' title="bbox 363 2586 1182 3675">
    <p class='ocr_par' dir='ltr' id='par_1_6' title="bbox 370 2586 1174 2999">
     <span class='ocr_line' id='line_1_13' title="bbox 370 2586 1173 2658; baseline 0 -15"><span class='ocrx_word' id='word_1_59' title='bbox 370 2586 430 2658; x_wconf 86' lang='lat' dir='ltr'>(u)</span> <span class='ocrx_word' id='word_1_60' title='bbox 452 2589 604 2655; x_wconf 62' lang='lat' dir='ltr'>Congiarim</span> <span class='ocrx_word' id='word_1_61' title='bbox 634 2588 748 2655; x_wconf 82' lang='lat' dir='ltr'>Congius</span> <span class='ocrx_word' id='word_1_62' title='bbox 770 2586 892 2642; x_wconf 73' lang='lat' dir='ltr'>mensura</span> <span class='ocrx_word' id='word_1_63' title='bbox 912 2605 1008 2657; x_wconf 84' lang='lat' dir='ltr'>genus,</span> <span class='ocrx_word' id='word_1_64' title='bbox 1027 2592 1097 2643; x_wconf 71' lang='lat' dir='ltr'>rande</span> <span class='ocrx_word' id='word_1_65' title='bbox 1113 2607 1173 2643; x_wconf 89' lang='lat' dir='ltr'>con-</span> 
     </span>
     <span class='ocr_line' id='line_1_14' title="bbox 438 2674 1174 2743; baseline 0.004 -17"><span class='ocrx_word' id='word_1_66' title='bbox 438 2675 567 2743; x_wconf 81' lang='lat' dir='ltr'>giarium,</span> <span class='ocrx_word' id='word_1_67' title='bbox 587 2675 655 2741; x_wconf 85' lang='lat' dir='ltr'>qnod</span> <span class='ocrx_word' id='word_1_68' title='bbox 672 2674 749 2726; x_wconf 88' lang='lat' dir='ltr'>modo</span> <span class='ocrx_word' id='word_1_69' title='bbox 761 2690 808 2739; x_wconf 87' lang='lat' dir='ltr'>pro</span> <span class='ocrx_word' id='word_1_70' title='bbox 823 2690 931 2729; x_wconf 87' lang='lat' dir='ltr'>munere</span> <span class='ocrx_word' id='word_1_71' title='bbox 947 2676 1014 2743; x_wconf 89' lang='lat' dir='ltr'>quod</span> <span class='ocrx_word' id='word_1_72' title='bbox 1030 2676 1106 2729; x_wconf 84' lang='lat' dir='ltr'>datur</span> <span class='ocrx_word' id='word_1_73' title='bbox 1126 2692 1174 2742; x_wconf 85' lang='lat' dir='ltr'>po·</span> 
     </span>
     <span class='ocr_line' id='line_1_15' title="bbox 436 2747 1170 2833; baseline -0.001 -19"><span class='ocrx_word' id='word_1_74' title='bbox 436 2747 534 2830; x_wconf 67' lang='lat' dir='ltr'>¹pulou</span> <span class='ocrx_word' id='word_1_75' title='bbox 555 2759 698 2827; x_wconf 86' lang='lat' dir='ltr'>principe,</span> <span class='ocrx_word' id='word_1_76' title='bbox 726 2760 802 2811; x_wconf 90' lang='lat' dir='ltr'>modo</span> <span class='ocrx_word' id='word_1_77' title='bbox 827 2756 882 2833; x_wconf 25' lang='lat' dir='ltr'>p&#39;roy</span> <span class='ocrx_word' id='word_1_78' title='bbox 894 2757 1011 2815; x_wconf 80' lang='lat' dir='ltr'>mensura</span> <span class='ocrx_word' id='word_1_79' title='bbox 1029 2762 1170 2827; x_wconf 77' lang='lat' dir='ltr'>¹accipitur.</span> 
     </span>
     <span class='ocr_line' id='line_1_16' title="bbox 442 2844 1174 2912; baseline -0.001 -13"><span class='ocrx_word' id='word_1_80' title='bbox 442 2846 602 2911; x_wconf 69' lang='lat' dir='ltr'>Congiarium</span> <span class='ocrx_word' id='word_1_81' title='bbox 621 2844 767 2912; x_wconf 73' lang='lat' dir='ltr'>frequenter</span> <span class='ocrx_word' id='word_1_82' title='bbox 792 2846 902 2897; x_wconf 79' lang='lat' dir='ltr'>occurrit</span> <span class='ocrx_word' id='word_1_83' title='bbox 924 2847 951 2897; x_wconf 82' lang='lat' dir='ltr'>in</span> <span class='ocrx_word' id='word_1_84' title='bbox 978 2849 1084 2898; x_wconf 75' lang='lat' dir='ltr'>nummis</span> <span class='ocrx_word' id='word_1_85' title='bbox 1107 2848 1174 2898; x_wconf 81' lang='lat' dir='ltr'>anii-</span> 
     </span>
     <span class='ocr_line' id='line_1_17' title="bbox 438 2927 647 2999; baseline -0.005 -16"><span class='ocrx_word' id='word_1_86' title='bbox 438 2933 501 2999; x_wconf 78' lang='lat' dir='ltr'>qru&#39;r.</span> <span class='ocrx_word' id='word_1_87' title='bbox 538 2927 570 2982; x_wconf 75' lang='grc'>1,.</span> <span class='ocrx_word' id='word_1_88' title='bbox 596 2985 598 2988; x_wconf 72' lang='grc'><strong>,</strong></span> <span class='ocrx_word' id='word_1_89' title='bbox 644 2954 647 2957; x_wconf 55' lang='grc'>’</span> 
     </span>
    </p>

    <p class='ocr_par' dir='ltr' id='par_1_7' title="bbox 369 3009 1172 3161">
     <span class='ocr_line' id='line_1_18' title="bbox 369 3009 1172 3083; baseline 0.002 -15"><span class='ocrx_word' id='word_1_90' title='bbox 369 3009 420 3083; x_wconf 78' lang='lat' dir='ltr'>(x)</span> <span class='ocrx_word' id='word_1_91' title='bbox 439 3014 526 3068; x_wconf 82' lang='lat' dir='ltr'>Romae</span> <span class='ocrx_word' id='word_1_92' title='bbox 535 3011 650 3067; x_wconf 81' lang='lat' dir='ltr'>solebant</span> <span class='ocrx_word' id='word_1_93' title='bbox 660 3012 793 3067; x_wconf 72' lang='lat' dir='ltr'>deiunstos</span> <span class='ocrx_word' id='word_1_94' title='bbox 802 3013 973 3081; x_wconf 81' lang='lat' dir='ltr'>imperatores</span> <span class='ocrx_word' id='word_1_95' title='bbox 984 3015 1057 3067; x_wconf 85' lang='lat' dir='ltr'>miris</span> <span class='ocrx_word' id='word_1_96' title='bbox 1065 3014 1172 3082; x_wconf 83' lang='lat' dir='ltr'>quibus·</span> 
     </span>
     <span class='ocr_line' id='line_1_19' title="bbox 440 3098 1172 3161; baseline -0.003 -7"><span class='ocrx_word' id='word_1_97' title='bbox 440 3102 498 3155; x_wconf 86' lang='lat' dir='ltr'>dam</span> <span class='ocrx_word' id='word_1_98' title='bbox 512 3100 659 3154; x_wconf 85' lang='lat' dir='ltr'>cerimoniis</span> <span class='ocrx_word' id='word_1_99' title='bbox 681 3101 708 3152; x_wconf 92' lang='lat' dir='ltr'>in</span> <span class='ocrx_word' id='word_1_100' title='bbox 730 3099 797 3153; x_wconf 86' lang='lat' dir='ltr'>Deos</span> <span class='ocrx_word' id='word_1_101' title='bbox 818 3098 934 3161; x_wconf 79' lang='lat' dir='ltr'>referre,</span> <span class='ocrx_word' id='word_1_102' title='bbox 956 3098 1081 3153; x_wconf 72' lang='lat' dir='ltr'>exstruiia</span> <span class='ocrx_word' id='word_1_103' title='bbox 1103 3101 1172 3154; x_wconf 75' lang='lat' dir='ltr'>turri</span> 
     </span>
    </p>

    <p class='ocr_par' dir='ltr' id='par_1_8' title="bbox 363 3174 1182 3675">
     <span class='ocr_line' id='line_1_20' title="bbox 363 3174 1182 3253; baseline 0.007 -20"><span class='ocrx_word' id='word_1_104' title='bbox 363 3227 366 3233; x_wconf 91' lang='lat'><em>.</em></span> <span class='ocrx_word' id='word_1_105' title='bbox 439 3184 526 3253; x_wconf 80' lang='lat' dir='ltr'>lignea</span> <span class='ocrx_word' id='word_1_106' title='bbox 541 3184 666 3253; x_wconf 74' lang='lat' dir='ltr'>praealta,</span> <span class='ocrx_word' id='word_1_107' title='bbox 691 3186 719 3237; x_wconf 90' lang='lat' dir='ltr'>in</span> <span class='ocrx_word' id='word_1_108' title='bbox 738 3185 785 3239; x_wconf 87' lang='lat' dir='ltr'>hac</span> <span class='ocrx_word' id='word_1_109' title='bbox 803 3182 921 3253; x_wconf 81' lang='lat' dir='ltr'>congesta</span> <span class='ocrx_word' id='word_1_110' title='bbox 935 3185 962 3236; x_wconf 92' lang='lat' dir='ltr'>vi</span> <span class='ocrx_word' id='word_1_111' title='bbox 975 3174 1127 3250; x_wconf 70' lang='lat' dir='ltr'>stipularum</span> <span class='ocrx_word' id='word_1_112' title='bbox 1145 3186 1182 3239; x_wconf 42' lang='lat' dir='ltr'>&amp;v</span> 
     </span>
     <span class='ocr_line' id='line_1_21' title="bbox 440 3268 1172 3336; baseline -0.005 -12"><span class='ocrx_word' id='word_1_113' title='bbox 440 3278 598 3335; x_wconf 84' lang='lat' dir='ltr'>aromatum,</span> <span class='ocrx_word' id='word_1_114' title='bbox 624 3271 651 3323; x_wconf 91' lang='lat' dir='ltr'>in</span> <span class='ocrx_word' id='word_1_115' title='bbox 667 3268 765 3323; x_wconf 83' lang='lat' dir='ltr'>summo</span> <span class='ocrx_word' id='word_1_116' title='bbox 786 3276 841 3325; x_wconf 77' lang='lat' dir='ltr'>erat</span> <span class='ocrx_word' id='word_1_117' title='bbox 862 3268 949 3336; x_wconf 80' lang='lat' dir='ltr'>aquila</span> <span class='ocrx_word' id='word_1_118' title='bbox 969 3268 1073 3336; x_wconf 79' lang='lat' dir='ltr'>alligata</span> <span class='ocrx_word' id='word_1_119' title='bbox 1096 3268 1172 3322; x_wconf 81' lang='lat' dir='ltr'>tenui</span> 
     </span>
     <span class='ocr_line' id='line_1_22' title="bbox 439 3350 1171 3423; baseline -0.003 -16"><span class='ocrx_word' id='word_1_120' title='bbox 439 3352 567 3409; x_wconf 74' lang='lat' dir='ltr'>funiculo.</span> <span class='ocrx_word' id='word_1_121' title='bbox 610 3354 636 3409; x_wconf 77' lang='lat' dir='ltr'>Is</span> <span class='ocrx_word' id='word_1_122' title='bbox 655 3354 731 3409; x_wconf 84' lang='lat' dir='ltr'>ssmui</span> <span class='ocrx_word' id='word_1_123' title='bbox 755 3365 833 3423; x_wconf 79' lang='lat' dir='ltr'>atque</span> <span class='ocrx_word' id='word_1_124' title='bbox 851 3352 951 3407; x_wconf 87' lang='lat' dir='ltr'>solutos</span> <span class='ocrx_word' id='word_1_125' title='bbox 971 3350 1032 3407; x_wconf 75' lang='lat' dir='ltr'>esset</span> <span class='ocrx_word' id='word_1_126' title='bbox 1053 3352 1171 3407; x_wconf 79' lang='lat' dir='ltr'>incendio</span> 
     </span>
     <span class='ocr_line' id='line_1_23' title="bbox 439 3436 1172 3508; baseline -0.001 -19"><span class='ocrx_word' id='word_1_127' title='bbox 439 3438 499 3490; x_wconf 81' lang='lat' dir='ltr'>avis</span> <span class='ocrx_word' id='word_1_128' title='bbox 519 3437 614 3492; x_wconf 84' lang='lat' dir='ltr'>summa</span> <span class='ocrx_word' id='word_1_129' title='bbox 638 3441 748 3508; x_wconf 84' lang='lat' dir='ltr'>petebat.</span> <span class='ocrx_word' id='word_1_130' title='bbox 795 3438 957 3494; x_wconf 80' lang='lat' dir='ltr'>Gratiffimus</span> <span class='ocrx_word' id='word_1_131' title='bbox 979 3439 1083 3491; x_wconf 85' lang='lat' dir='ltr'>interim</span> <span class='ocrx_word' id='word_1_132' title='bbox 1109 3436 1172 3489; x_wconf 84' lang='lat' dir='ltr'>odor</span> 
     </span>
     <span class='ocr_line' id='line_1_24' title="bbox 440 3522 1173 3591; baseline -0.003 -14"><span class='ocrx_word' id='word_1_133' title='bbox 440 3537 517 3577; x_wconf 82' lang='lat' dir='ltr'>nares</span> <span class='ocrx_word' id='word_1_134' title='bbox 531 3523 646 3576; x_wconf 88' lang='lat' dir='ltr'>omnium</span> <span class='ocrx_word' id='word_1_135' title='bbox 661 3542 706 3591; x_wconf 82' lang='lat' dir='ltr'>per</span> <span class='ocrx_word' id='word_1_136' title='bbox 721 3525 846 3590; x_wconf 79' lang='lat' dir='ltr'>uniebat,</span> <span class='ocrx_word' id='word_1_137' title='bbox 864 3522 948 3580; x_wconf 79' lang='lat' dir='ltr'>veluti</span> <span class='ocrx_word' id='word_1_138' title='bbox 963 3523 1173 3591; x_wconf 74' lang='lat' dir='ltr'>animaeimpera·</span> 
     </span>
     <span class='ocr_line' id='line_1_25' title="bbox 441 3606 827 3675; baseline 0.005 -14"><span class='ocrx_word' id='word_1_139' title='bbox 441 3606 515 3668; x_wconf 78' lang='lat' dir='ltr'>turiae</span> <span class='ocrx_word' id='word_1_140' title='bbox 526 3607 637 3675; x_wconf 79' lang='lat' dir='ltr'>petentis</span> <span class='ocrx_word' id='word_1_141' title='bbox 656 3609 759 3675; x_wconf 72' lang='lat' dir='ltr'>culum.</span> <span class='ocrx_word' id='word_1_142' title='bbox 794 3609 827 3665; x_wconf 82' lang='lat' dir='ltr'>L.</span> 
     </span>
    </p>
   </div>
   <div class='ocr_carea' id='block_1_6' title="bbox 0 0 1635 4775">
    <p class='ocr_par' dir='ltr' id='par_1_9' title="bbox 0 0 1635 4775">
     <span class='ocr_line' id='line_1_26' title="bbox 0 0 1635 4775; baseline 0 0"><span class='ocrx_word' id='word_1_143' title='bbox 0 0 1635 4775; x_wconf 95' lang='lat' dir='ltr'> </span> 
     </span>
    </p>
   </div>
  </div>
 </body>
</html>
