3259 4775
565 883 962 960 arnnmom'
1113 884 1164 979 95

359 1014 481 1099 audite
500 1018 669 1109 obsecro,
701 1034 814 1123 quam
834 1014 1097 1134 pracullabsmt
1117 1022 1163 1099 ab
1182 1064 1184 1069 ·

360 1159 457 1248 hac,
497 1164 561 1261 qui
595 1161 669 1239 hoc
700 1165 851 1239 nomine
873 1162 940 1239 sese
963 1163 1166 1241 venditant,-

360 1298 544 1401 Principib
567 1303 705 1381 constat
724 1328 780 1380 res
804 1305 945 1380 omneis
963 1302 1163 1392 humanas,

361 1441 463 1521 velut
483 1442 675 1521 Alcibiadis
692 1444 833 1521 Silenos
854 1442 948 1537 (a),
974 1446 1076 1521 binas
1101 1444 1164 1523 ha-

359 1583 445 1661 bete
462 1585 567 1661 facies
592 1588 748 1691 nimium
768 1588 862 1661 inter
884 1585 950 1661 scie
969 1582 1159 1662 diffmmes.

363 1722 463 1805 Adeo
484 1739 526 1805 ut
546 1723 648 1827 quod
666 1728 802 1825 prima,
830 1740 874 1804 ut
891 1729 1016 1825 ajunt,
1041 1726 1164 1803 fronte

359 1889 460 1945 mors
487 1868 537 1943 est
551 1924 562 1954 ,
574 1865 613 1941 ⁴fi
627 1869 776 1945 interius
798 1867 982 1968 inspicias,
1002 1870 1082 1954 ,vita
1097 1865 1161 1944 fit:

359 2021 487 2085 contra
505 2006 607 2109 quod
627 2011 723 2097 vita,
749 2033 876 2085 mors:
903 2008 1006 2109 quod
1021 2010 1163 2086 formo-

274 2135 277 2143 ’
358 2148 461 2235 sum,
489 2147 684 2223 deforme:
722 2147 825 2247 quod
861 2148 1099 2246 opulentum,
1123 2147 1163 2224 id

358 2289 657 2396 pauperrimum:
697 2286 800 2388 quod
824 2286 986 2377 infame,
1022 2287 1164 2388 glorio·
1240 2385 1242 2393 Ι

358 2430 456 2508 sum:
474 2428 586 2530 quod
605 2427 777 2516 dostum,
816 2428 1029 2508 indoctum:
1059 2429 1164 2531 quod

359 2571 570 2657 robustum,
591 2568 790 2646 imbecille:
808 2566 911 2671 quod
931 2571 1160 2670 generosam,

359 2749 417 2822 (af)
435 2751 517 2805 Sileni
535 2751 657 2804 dicuntur
675 2747 746 2803 senes
769 2749 883 2818 Satyri,
915 2751 976 2804 dicti
992 2749 1051 2806 sunt
1073 2760 1163 2807 antem
1248 2802 1255 2820 ,

428 2837 511 2892 Sileni
530 2861 601 2912 aega
616 2863 646 2896 u
667 2838 775 2896 caecabat
791 2859 847 2910 araga
862 2862 902 2893 w
918 2853 984 2900 aava
1005 2838 1074 2904 quod
1092 2839 1162 2891 circa

399 2931 401 2940 ’
426 2921 541 2977 torcular
557 2917 742 2976 versarentur:
770 2922 815 2989 qui
839 2921 907 2974 enim
924 2937 988 2974 uvas
1009 2921 1159 2986 calcabant,

426 3007 476 3061 hoc
497 3007 601 3061 nomine
616 3006 782 3060 vocabantur.
827 3006 988 3060 Nominatim
1004 3014 1090 3070 autem
1110 3024 1162 3074 pa·

427 3085 541 3161 dagogus
570 3091 690 3157 Bacchi,
719 3109 795 3160 quem
817 3088 938 3159 Syaefius
957 3089 1060 3143 calvum
1084 3090 1161 3146 fuiffe

426 3175 530 3242 scribit,
549 3179 623 3244 cuius
637 3178 714 3231 etiam
731 3177 841 3230 Ovidius
855 3176 988 3238 meminit,
1000 3175 1104 3230 Silenus
1113 3193 1161 3229 vo·

426 3262 541 3316 cabatur.
578 3263 661 3318 Erant
676 3263 753 3316 etiam
768 3261 850 3314 Sileni
865 3261 965 3320 statua,
979 3276 1034 3328 quae
1049 3261 1080 3314 dc
1095 3260 1160 3314 foria

426 3347 542 3401 ridicula
554 3356 642 3412 erant,
655 3349 725 3410 intus
738 3348 838 3399 divinas
847 3347 969 3413 imagines
981 3345 1158 3400 continebant.

428 3432 528 3494 Quibus
539 3431 841 3501 eleganterAlcibiades,
860 3434 887 3483 in
903 3431 1021 3482 convivio
1038 3429 1162 3492 Platoni,

428 3517 559 3568 Socratem
575 3526 721 3584 comparat,
744 3501 811 3583 buoni
825 3518 846 3569 is
862 3515 926 3568 foris
936 3514 1029 3567 bardus
1042 3530 1071 3565 ac
1080 3511 1160 3579 stupi-

427 3601 491 3668 dae,
511 3600 582 3653 intus
599 3609 685 3656 autem
698 3617 798 3655 metum
814 3617 911 3655 numen
929 3600 1070 3665 videretur.
1106 3597 1140 3653 I„
