3259 4775
465 862 538 933 126
721 876 759 933 M
783 876 814 935 Ω
838 876 859 935 P
883 878 899 933 1
923 873 952 934 A
973 875 1003 931 Σ

460 994 611 1075 Palladis
644 996 793 1076 consilio
824 996 989 1097 agebat,
1033 998 1264 1095 nimiumqm

461 1138 640 1237 sapiebat,
666 1164 686 1215 a
709 1154 845 1219 naturae
867 1139 978 1219 dustu
1000 1162 1111 1240 quam
1127 1135 1263 1234 longis·

457 1277 547 1396 sime
566 1279 770 1359 recedens?
808 1280 861 1358 Ut
883 1285 995 1380 igitur
1013 1261 1105 1355 inter
1124 1292 1263 1353 morta-

438 1421 440 1429 ’
460 1420 532 1509 les,
559 1424 585 1495 ii
599 1420 802 1521 longiffirne
817 1422 945 1499 absunt
960 1447 980 1497 a
997 1421 1181 1505 felicitate,
1196 1418 1262 1523 qui

459 1560 636 1661 sapientiae
649 1564 811 1649 student,
832 1566 1006 1637 nimirum
1022 1562 1096 1637 hoc
1115 1558 1191 1659 ipso
1206 1561 1261 1633 bis

460 1702 587 1789 stulti,
623 1702 725 1802 quod
758 1702 926 1779 homines
957 1704 1032 1778 nati
1058 1724 1143 1777 cum
1168 1698 1257 1787 smt‚

458 1834 580 1919 tamen
606 1842 710 1919 obliti
731 1841 952 1919 conditionis
969 1841 1059 1927 suae,
1089 1839 1261 1917 Deorum

458 1981 721 2059 immortalium
738 1985 850 2059 vitam
863 1970 1051 2070 affeoant,
1080 1984 1118 2056 &
1132 1985 1262 2079 gigan-

458 2139 539 2202 tum
558 2123 749 2223 exemplo,
780 2123 1047 2225 disciplinarum
1070 2121 1258 2209 machinis,

459 2278 594 2342 naturae
613 2264 751 2341 bellum
772 2265 954 2350 inferunt,
979 2266 1030 2339 ita'
1054 2288 1164 2363 quam
1192 2266 1261 2337 mi-

457 2407 557 2482 nime
576 2403 692 2476 miseri
717 2384 884 2479 videntur
899 2404 957 2489 ii,
986 2407 1050 2503 qui
1070 2403 1115 2479 ad
1133 2405 1261 2479 bruto·

411 2514 431 2614 ,¹
457 2567 542 2620 rum
562 2543 751 2638 ingenium
770 2530 1028 2643 stultitiamque
1044 2569 1153 2644 quam
1172 2569 1261 2644 pro-

450 2684 557 2759 xime
582 2679 783 2768 accedunt,
812 2706 932 2782 neque
955 2686 1150 2785 quicquam
1165 2685 1260 2762 ultra

456 2823 647 2900 hominem
668 2820 880 2900 moliuntur.
931 2824 1010 2924 Age
1031 2828 1259 2925 experiamur

385 2953 387 2960 '
456 2989 548 3042 num
568 2964 642 3041 hoc
663 2988 813 3066 quoque
833 2988 911 3040 non
925 2963 1054 3042 Stoicis
1068 2965 1258 3066 enthymefl·

343 3113 347 3125 '
447 3107 590 3192 matis,
632 3104 690 3188 sed
717 3101 839 3180 ¹crosso
865 3109 1053 3206 quopiam
1086 3106 1257 3207 exemplo
1356 3190 1358 3196 ,

456 3271 630 3350 queamus
657 3245 852 3322 ostendere.
906 3245 960 3323 Ac
977 3273 1041 3347 per
1063 3247 1166 3325 Deos
1189 3252 1260 3326 im-

455 3378 721 3475 mortales,.est
739 3411 785 3462 ne
808 3386 1004 3488 quiequam
1030 3381 1167 3467 felicius
1188 3385 1258 3466 isto
1340 3495 1343 3498 ἢ

337 3579 340 3584 -
454 3529 650 3610 hominum
672 3551 832 3628 genere,
851 3551 963 3631 ⁸quos
983 3530 1098 3635 vulgo
1116 3533 1257 3608 morio-
