3259 4775
548 841 943 918 rrirorrron.
1085 858 1162 938 207

357 981 492 1082 sapiens
520 977 580 1084 ille
600 977 852 1072 redimendum
876 979 1084 1072 existimat,
1116 972 1179 1063 utv

357 1123 402 1212 ab
422 1146 499 1200 uno
525 1135 587 1198 aut
609 1119 722 1198 altero
744 1119 848 1219 lippo
872 1122 1056 1220 probetur.
1110 1125 1161 1204 Ae
1257 1225 1264 1237 ,

359 1245 462 1341 meus
482 1259 541 1339 ille
559 1260 735 1361 scriptor,
775 1275 913 1360 quanto
936 1260 1062 1340 delirat
1082 1263 1162 1340 seii-

359 1406 464 1490 cius,
500 1399 589 1479 dum
612 1399 709 1478 nulla
730 1401 1004 1490 lucubratione,
1030 1426 1160 1481 verum
1254 1414 1257 1419 ’

359 1557 548 1645 utcunque
568 1540 682 1620 visum
701 1539 751 1618 est
766 1515 911 1631 animo,
933 1543 1251 1646 quicquidinff
1368 1593 1373 1604 ·
1519 1538 1521 1575 s

361 1682 540 1761 calamum
555 1681 701 1770 incidit,
726 1682 784 1759 vel
792 1681 929 1760 somnia
948 1683 1027 1772 sua,
1045 1685 1163 1762 statim·
1267 1733 1270 1738 -

360 1823 485 1901 litteris
508 1823 653 1924 prodit,
670 1823 742 1899 levi
766 1822 943 1901 duntaxat
960 1823 1165 1902 chartarum

250 1953 254 1964 ’
361 1964 512 2064 jattura,
539 1985 617 2040 non
634 1965 781 2062 ignarus
802 1957 969 2041 futurum
987 2020 999 2052 ,
1025 1978 1069 2042 ut
1086 1959 1165 2065 quo

362 2105 582 2202 nugacioree
597 2125 711 2201 nugas
729 2101 927 2202 scripserit,
954 2101 1028 2180 hoc
1048 2128 1067 2180 a
1084 2104 1165 2205 plu·

223 2335 225 2339 .
363 2244 486 2330 ribus,
521 2237 651 2329 idest,
677 2239 791 2320 stadtis
813 2241 850 2318 &
870 2231 1023 2322 indoctis
1044 2245 1168 2323 omni·

327 2387 338 2397 “
363 2383 432 2462 bus
454 2383 639 2483 probetur.
668 2379 797 2476 aQuid
818 2385 916 2461 enirn
935 2385 986 2463 est
1005 2389 1160 2487 negotii,
1194 2359 1198 2366 ’

351 2526 448 2635 treis
467 2522 549 2601 illos
568 2522 716 2612 tortos,
743 2521 769 2600 fi
789 2537 976 2642 tamen-ea
996 2527 1163 2627 legerint,

319 2676 321 2684 '
367 2664 643 2744 contemnere?
684 2662 768 2743 Aut¹
782 2667 870 2766 quid
893 2668 1055 2759 valebit,
1091 2682 1167 2749 tam

365 2776 569 2908 paucorum
592 2794 791 2907 sapientum
820 2804 1002 2900 calculus,
1030 2812 1069 2885 in
1091 2823 1169 2887 tam

366 2946 538 3025 immensa
555 2946 827 3025 reclamantium
848 2946 983 3023 turba?
1016 2947 1075 3034 sed
1091 2968 1170 3027 rna·

367 3090 424 3187 gis
457 3090 565 3165 etiam
593 3087 760 3189 sapiunt,
788 3089 852 3191 qui
881 3086 994 3166 aliena
1016 3112 1087 3189 pro
1103 3089 1173 3167 suis
1223 3191 1230 3208 ,

370 3226 505 3319 edunt,
536 3228 707 3311 &alieno
730 3252 939 3329 magnoque
961 3242 1100 3328 partam
1124 3226 1176 3304 la-

369 3368 460 3446 bore
481 3369 658 3467 gloriam,
674 3372 790 3449 verbis
807 3372 847 3447 in
866 3367 900 3446 se
913 3368 1167 3457 transmoveat,

353 3506 445 3600 ,hoc
473 3492 639 3589 videlicet
672 3510 790 3601 freti,
829 3508 933 3614 quod
955 3508 1177 3599 arbitrentur
