3259 4775
672 861 1000 906 m

430 966 510 1055 lum
522 972 686 1052 adversus
706 973 844 1052 Turcas
860 967 1085 1050 movendum
1098 968 1228 1050 adhora

430 1113 536 1178 tatun
562 1099 663 1179 Alius
674 1099 794 1177 fututa
807 1098 991 1198 praedicit,
1009 1096 1096 1174 alius
1111 1120 1228 1174 noxas

431 1222 477 1301 de
515 1221 596 1301 lana
635 1227 777 1325 caprina
822 1225 908 1316 (i)
948 1222 1230 1330 comminiscitur

431 1343 715 1450 quaestiunculas.
741 1346 794 1440 Ut
812 1349 910 1425 enim
931 1347 1021 1423 nihil
1039 1349 1226 1446 nugacius,
1336 1423 1339 1430 ,

430 1475 542 1575 quam
560 1473 643 1551 seria
669 1475 860 1572 nugatorie
875 1472 1043 1559 tratlare,
1069 1475 1118 1548 ita
1138 1470 1230 1547 nihil

429 1598 586 1675 festivius
620 1622 730 1699 quam
758 1602 807 1674 ita
837 1597 983 1673 trailare
1017 1611 1159 1693 nugas,
1186 1608 1230 1674 ut

429 1722 654 1823 nihilminus
679 1746 787 1822 quam
812 1735 969 1818 nugatus
993 1718 1091 1796 fuisse
1110 1719 1230 1796 videas

430 1849 488 1922 ris.
542 1845 603 1924 De
622 1869 682 1921 me
701 1843 850 1946 quidem
870 1844 1025 1922 aliorum
1049 1847 1116 1920 erit
1135 1843 1231 1942 judi·

380 1995 383 2003 ¹
432 1973 549 2050 cium:
575 1968 735 2079 tametsi,
760 1969 825 2045 nisi
848 1971 952 2070 plane
975 1991 1033 2045 me
1058 1967 1148 2046 fallit
1171 1979 1231 2060 ot-

429 2108 580 2184 novem,
606 2094 790 2172 stultitiam
807 2095 1056 2181 laudavimus,
1083 2093 1231 2173 sednon

363 2231 367 2238 '
432 2224 586 2298 ommno
610 2220 724 2299 stulte?
777 2218 858 2319 Jam
884 2245 971 2296 vero
995 2233 1037 2296 ut
1059 2213 1104 2295 de
1130 2239 1232 2296 mora

432 2343 591 2421 dacitatis
611 2343 837 2421 cavillatione
862 2341 1117 2441 respondeam,
1140 2344 1231 2421 sem,

342 2477 346 2489 ⁴
430 2490 497 2569 pet
517 2469 594 2544 haec
613 2468 767 2563 ingeniis
788 2466 932 2541 libertas
953 2454 1116 2565 permissa
1138 2461 1227 2551 fuit,

430 2606 474 2671 ut
496 2595 534 2667 in
562 2608 798 2667 communem
817 2588 1013 2666 hominum
1031 2592 1141 2664 vitam
1154 2587 1230 2664 sali⁴

340 2757 345 2767 v
431 2717 500 2794 bus
513 2715 678 2793 luderent
689 2717 861 2814 impune,
882 2714 997 2791 modo
1020 2738 1066 2789 ne
1085 2712 1230 2791 licentia

425 2842 547 2939 ⁸exiret
567 2842 606 2915 in
626 2840 769 2915 rabiem.
823 2838 913 2933 Quo
937 2842 1050 2939 magis
1070 2840 1229 2915 admiror

432 2963 540 3062 hujus
565 2965 739 3063 temporis
768 2968 910 3042 aurium
945 2964 1114 3051 delicias,
1149 2984 1229 3063 quas

432 3086 524 3171 nihil
541 3087 613 3187 jam
632 3089 705 3165 fere
726 3087 790 3165 nisi
809 3088 970 3167 solennes
990 3089 1115 3167 titulos
1137 3088 1230 3164 serre

434 3218 488 3296 (i)
506 3228 660 3281 Latinorum
668 3228 813 3296 adagium,
834 3230 909 3293 eujus
916 3222 1044 3298 originem
1051 3226 1172 3281 Erasmus
1180 3236 1229 3296 pu*

502 3321 542 3367 tat
557 3329 573 3365 a
588 3312 635 3366 tali
646 3313 768 3382 quopiam
785 3322 883 3367 eventu
896 3312 945 3367 esse
957 3311 1114 3369 contentioso
1128 3312 1227 3367 duobus

501 3393 695 3453 decertantibus
706 3405 794 3452 utrum
804 3399 889 3450 lunam
905 3398 1010 3453 haberet
1026 3408 1101 3467 ca‘per
1113 3415 1146 3451 an
1163 3396 1228 3453 setis

502 3490 550 3536 aut
567 3481 665 3551 alioqui
683 3483 715 3535 de
731 3482 803 3536 villis
825 3484 936 3553 caprinis
951 3484 1132 3539 dimicantibus
1146 3483 1229 3543 reni·

501 3566 596 3622 delicet
608 3566 718 3633 inutili,
743 3568 897 3637 minimique
914 3572 1060 3637 momenti,
1080 3564 1226 3637 cujusmodi

501 3651 576 3715 iocus
589 3651 675 3710 fertur
691 3653 723 3710 de
738 3650 805 3710 mn
818 3652 885 3721 lana.
922 3652 1009 3711 Msc.
