3259 4775
461 876 535 953 114
607 907 609 917 ·
718 876 755 937 M
778 879 810 935 rr
832 875 853 936 Ρ
877 882 892 937 1
912 878 940 937 A
963 868 1004 937 Σ’

341 1069 346 1094 ,
387 1078 392 1088 ,
457 978 661 1100 ἰὴῳιίυηίι,
683 1000 884 1088 miserum,
930 990 1094 1079 Stultitii
1118 995 1261 1089 teneri}

458 1165 595 1228 errare,
625 1140 719 1227 falli,
749 1144 955 1239 ignorare·
988 1140 1070 1218 lmo
1091 1141 1165 1219 hoc
1184 1141 1255 1228 est,
1328 1219 1336 1224 ,

457 1279 648 1359 hominem
663 1280 739 1359 effe.
793 1281 909 1359 Porro
930 1281 1098 1359 miserum
1112 1306 1177 1359 cur
1192 1306 1261 1358 vo·

457 1436 571 1511 cent,
607 1446 685 1499 non
707 1422 847 1510 video,
886 1422 1182 1524 quandoquidem
1209 1420 1260 1500 fic

457 1568 533 1641 nati
555 1564 652 1652 estis,
673 1538 728 1640 ¹fic
746 1564 918 1651 instituti,
947 1563 995 1639 fic
1026 1563 1189 1649 conditi,
1217 1586 1259 1638 eu

457 1705 508 1781 est
530 1706 736 1782 communis
758 1705 926 1783 omnium
944 1702 1027 1777 sors.
1070 1700 1175 1777 Nihil
1194 1726 1258 1776 au-

456 1857 537 1921 tem
546 1844 733 1928 miserum,
760 1842 864 1942 quod
885 1844 925 1916 in
942 1840 1007 1919 suo
1024 1864 1156 1939 genere
1168 1824 1262 1917 con·⁹

455 1985 546 2070 stat,
576 1980 640 2058 nifi
665 1982 765 2094 ¹forte
798 1984 879 2083 quis
907 1981 1097 2059 hominem
1129 1963 1258 2082 dep104

391 2190 395 2196 .
455 2124 612 2201 randum
648 2123 857 2211 existimet,
894 2127 960 2224 qui
989 2146 1109 2225 neque
1134 2122 1258 2201 volare

455 2264 563 2365 poffit
581 2286 668 2341 cum
688 2266 833 2351 avibus,
860 2288 981 2365 neque
998 2267 1179 2363 quaternis
1200 2267 1256 2338 in-

454 2403 561 2502 gredi
589 2402 742 2504 pedibus
770 2429 857 2482 cum
891 2405 1032 2505 reliquo
1071 2403 1255 2503 pecudum

456 2567 612 2645 genere,
638 2569 758 2645 neque
779 2547 951 2622 cornibus
968 2542 1011 2619 fit
1035 2545 1253 2632 obarmatus,

457 2685 770 2788 quemadmodum
786 2689 889 2764 tauri.
926 2683 1068 2767 Verum
1081 2687 1110 2759 is
1127 2684 1256 2762 eadem

457 2852 588 2928 opera,
618 2853 755 2929 equum
789 2831 897 2905 etiam
920 2823 1148 2904 bellifflmum
1167 2826 1255 2903 infe-

455 2967 564 3044 licem
585 2971 750 3056 vocabit,
787 2968 891 3071 quod
911 2992 1031 3069 neque
1049 2970 1256 3065 grammati·

457 3130 538 3184 cam
549 3105 732 3196 didicerit,
756 3134 881 3210 neque
898 3109 1071 3210 placentis
1080 3109 1253 3186 vescatur:

456 3259 602 3326 taurum
614 3248 792 3336 miserum,
809 3244 1257 3350 quodadpalaestricamfit

456 3389 604 3467 inutilis.
630 3389 745 3486 Igitur
756 3401 799 3462 ut
812 3411 927 3487 equus
937 3391 1125 3488 imperitus
1136 3413 1257 3488 gram-

456 3535 617 3624 maticae‚
642 3529 746 3608 miser
772 3551 853 3605 non
880 3527 950 3622 est,
975 3531 1024 3610 ita
1051 3555 1121 3610 nec
1138 3530 1268 3641 homo.
