3259 4775
468 870 539 944 128
729 876 767 935 M
789 876 823 933 Ω
842 878 865 935 P
888 874 904 935 1
925 878 950 933 l
973 867 1007 932 Σ

435 1072 442 1085 ,
464 1024 545 1077 ιιοη
567 1012 698 1075 amant.
750 997 925 1100 Denique
941 996 969 1073 fi
986 994 1139 1097 propius
1157 993 1268 1075 etiam

464 1140 512 1217 ad
531 1140 726 1217 brutorum
744 1142 983 1219 animantium
1004 1136 1264 1239 iniipientiam,

465 1279 696 1370 accesserint,
722 1306 769 1358 ne
789 1295 943 1381 peccant
961 1280 1111 1381 quidem
1131 1281 1268 1357 autori

467 1424 536 1501 bus
552 1422 746 1523 theologie.
797 1420 872 1501 Hic
889 1422 980 1499 mihi
998 1423 1072 1517 jam
1086 1421 1269 1522 expendas

467 1564 599 1653 velim,
632 1563 827 1641 stultillime
852 1564 1013 1664 fimens,
1044 1577 1139 1664 quot
1160 1563 1276 1661 ancli«-¹

469 1732 542 1807 que
553 1705 840 1784 solicitudinibus
849 1705 974 1783 nolles
984 1701 1127 1805 diesque
1136 1703 1270 1779 dismil-

341 1858 347 1868 “
467 1848 579 1925 tietur
603 1848 744 1922 animus
767 1858 876 1933 tuus,
903 1870 1079 1947 congeras
1097 1848 1136 1921 in
1151 1867 1271 1923 unum

468 2010 640 2065 acervum
661 1988 824 2065 universa
835 1992 916 2067 vitae
935 2003 1007 2067 tuae
1020 1986 1268 2074 incommoda,

469 2142 580 2233 atque
616 2131 666 2207 ita
694 2129 846 2209 demum
878 2130 1091 2229 intelliges,
1129 2130 1273 2230 quantis

470 2272 574 2347 malis
599 2298 703 2349 meos
728 2274 848 2351 fatum
867 2252 1115 2351 lubduxerim.
1168 2267 1274 2346 Adde

470 2409 567 2496 huc,
595 2411 698 2507 quod
733 2435 812 2485 non
842 2409 960 2485 solum
995 2407 1061 2508 ipfi
1092 2421 1274 2508 perpetuu

471 2547 658 2646 gaudent,
689 2545 853 2637 ludunt,
889 2520 1093 2636 oentillant,
1129 2548 1271 2636 rident,

471 2687 710 2764 verumetiam
745 2690 880 2766 caeteris
910 2690 1081 2769 omnibus
1105 2714 1276 2794 quocun-

472 2853 546 2930 que
557 2827 624 2906 sese
636 2831 835 2919 verterint,
862 2830 1108 2932 voluptatem,
1132 2830 1272 2929 jocum,

472 2967 623 3058 lusum,
664 2969 846 3073 risumque
876 2971 1073 3062 adferunt,
1113 2975 1277 3051 velutin

473 3108 549 3194 hoc
570 3111 687 3212 ipsum
707 3137 728 3189 a
746 3111 916 3192 Deorum
939 3115 1163 3214 indulgentia
1185 3114 1272 3201 dati,

473 3265 517 3330 ut
535 3251 701 3330 humanae
721 3256 802 3332 v'itae
820 3256 996 3333 tristitiam
1024 3255 1273 3334 exhilararent

475 3391 585 3472 Unde
603 3395 663 3484 fit,
692 3410 734 3475 ut
756 3421 843 3476 cum
877 3397 952 3474 aliis
975 3401 1014 3474 in
1040 3398 1129 3476 alios
1157 3402 1276 3478 varius

475 3533 694 3631 itatenus,
712 3532 921 3620 hosomnes
931 3564 1093 3650 exaequo
1103 3557 1275 3730 tanquam

1208 3675 1277 3732 uon
