3259 4775
689 825 1033 875 .....¹·-.·.¹.¹¹·¹-··-'.—4‘

451 937 598 1018 liberius
629 961 672 1016 ac
702 939 907 1017 mordacius
935 932 1049 1018 diuus
1063 933 1254 1042 Hierony-¹

451 1089 556 1152 mus,
578 1088 627 1171 ne
652 1065 862 1160 nominibus
876 1064 1032 1166 'quidem
1063 1047 1252 1166 aliquoties

451 1213 612 1291 parcens.
664 1188 746 1268 Nos
767 1203 1006 1290 praeterquam
1030 1187 1131 1289 quod
1148 1206 1252 1265 ano·

451 1315 611 1391 minibus
628 1315 668 1390 in
688 1328 811 1392 totum
833 1314 1068 1400 abstinemus,
1095 1313 1144 1390 ita
1161 1334 1252 1412 prae·
1334 1335 1339 1356 *
1423 1424 1429 1433 ἱ

452 1451 549 1514 terea
567 1437 699 1539 stylum
726 1441 1032 1539 temperavimus,
1060 1448 1103 1514 ut
1125 1435 1253 1514 corda·
1288 1529 1298 1549 ,ὕ

453 1574 513 1640 tus
542 1560 654 1639 leston
679 1562 779 1639 facile
795 1634 797 1639 ,
813 1560 856 1638 fit
889 1560 1153 1649 intellesturus,
1182 1584 1251 1639 nos

452 1685 679 1786 voluptatem
704 1688 819 1783 magis
838 1709 948 1786 quam
971 1683 1131 1761 morsum
1155 1708 1253 1785 quae-

453 1808 536 1887 fiss‘e.
576 1809 706 1910 Neque
732 1811 831 1885 enim
859 1807 904 1885 ad
928 1805 1109 1909 Juvenalis
1130 1832 1253 1884 exem·

312 2030 314 2035 .
453 1928 584 2037 plum,
623 1932 804 2010 occultam
829 1932 927 2009 illam
948 1931 1121 2010 scelerum
1148 1931 1287 2033 semi.-¹
1421 2024 1422 2030 Ν

454 2083 541 2136 nam
559 2057 669 2160 usque
687 2060 889 2146 movimus,
903 2058 953 2135 -&-
964 2056 1112 2150 ridenda
1122 2058 1260 2156 magns
1328 2138 1331 2142 ι

454 2207 566 2285 quam
587 2183 690 2261 foeda.
704 2181 885 2262 recensere
902 2163 1112 2262 studuimus.
1151 2181 1253 2261 Tum

453 2307 579 2409 fiquis
601 2309 671 2396 est,
698 2331 810 2409 quem
835 2330 903 2383 nec
922 2307 984 2382 ista
1007 2305 1145 2406 placare
1166 2328 1253 2405 pos·

454 2430 557 2519 sunt,
582 2434 611 2506 is
640 2430 762 2507 saltem
784 2430 874 2526 illud
895 2432 1130 2518 meminerit,
1170 2428 1253 2529 p‘ul-

456 2554 587 2633 chrum
605 2551 672 2630 effe
691 2578 712 2631 a
734 2548 881 2632 stultitia
900 2554 1118 2655 vituperari,
1140 2577 1252 2655 quam

457 2703 543 2798 cum
554 2680 766 2779 loquentem
782 2678 991 2769 fecerimus,
1023 2677 1157 2756 decoro
1171 2700 1253 2781 per-

456 2802 551 2881 sonae
576 2802 801 2880 serviendum
829 2802 906 2881 fuir„
958 2802 1028 2880 Sed
1061 2804 1149 2904 quid
1179 2828 1251 2905 ego

456 2926 535 3004 haec
572 2929 638 3004 tibi
677 2941 834 3028 patrono
868 2941 942 3007 tam
975 2918 1171 3028 lingulati,
1208 2942 1253 3008 ut
1330 2900 1335 2908 l
1390 2934 1393 2939 ’

457 3050 574 3129 causas
619 3054 727 3129 etiam
765 3077 843 3129 non
879 3056 1068 3153 optimas,
1112 3057 1266 3155 optime

457 3190 580 3253 tamen
602 3179 697 3253 tueri
723 3175 855 3278 poffisi
887 3177 999 3268 Vale,
1037 3176 1252 3257 disertiffime

458 3299 604 3388 Mons,
631 3301 669 3376 &
690 3299 851 3379 Mariam
879 3316 979 3380 tuam
1006 3308 1168 3403 gnaviter
1189 3304 1253 3381 de·

458 3424 574 3523 fende.
621 3422 679 3503 Ex
708 3424 817 3506 Rure
848 3430 978 3532 quinto
1003 3424 1089 3509 Idus
1114 3426 1248 3535 Junias.

419 3574 426 3587 ἱ
459 3548 532 3631 ΑΝ.
548 3546 604 3629 Μ.
619 3543 670 3629 D
685 3547 784 3631 vm*
1070 3650 1253 3719 ninum
