<?xml version="1.0" encoding="UTF-8"?>
<!DOCTYPE html PUBLIC "-//W3C//DTD XHTML 1.0 Transitional//EN"
    "http://www.w3.org/TR/xhtml1/DTD/xhtml1-transitional.dtd">
<html xmlns="http://www.w3.org/1999/xhtml" xml:lang="en" lang="en">
 <head>
  <title>
</title>
<meta http-equiv="Content-Type" content="text/html;charset=utf-8" />
  <meta name='ocr-system' content='tesseract 3.04.00' />
  <meta name='ocr-capabilities' content='ocr_page ocr_carea ocr_par ocr_line ocrx_word'/>
</head>
<body>
  <div class='ocr_page' id='page_1' title='image "./mriasenkmionrom00erasgoog_0013.png"; bbox 0 0 3259 4775; ppageno 0'>
   <div class='ocr_carea' id='block_1_1' title="bbox 428 890 1238 1185">
    <p class='ocr_par' dir='ltr' id='par_1_1' title="bbox 428 890 1238 1185">
     <span class='ocr_line' id='line_1_1' title="bbox 602 890 975 1010; baseline -0.005 0"><span class='ocrx_word' id='word_1_1' title='bbox 602 890 975 1010; x_wconf 72' lang='lat' dir='ltr'>mmmm</span> 
     </span>
     <span class='ocr_line' id='line_1_2' title="bbox 428 1041 1238 1185; baseline -0.014 -40"><span class='ocrx_word' id='word_1_2' title='bbox 428 1044 697 1185; x_wconf 75' lang='lat' dir='ltr'>¹mutunus</span> <span class='ocrx_word' id='word_1_3' title='bbox 719 1041 1113 1147; x_wconf 77' lang='lat' dir='ltr'>uoruuoonmus</span> <span class='ocrx_word' id='word_1_4' title='bbox 1234 1157 1238 1164; x_wconf 36' lang='lat'><strong><em>‚</em></strong></span> 
     </span>
    </p>
   </div>
   <div class='ocr_carea' id='block_1_2' title="bbox 386 1213 1273 1537">
    <p class='ocr_par' dir='ltr' id='par_1_2' title="bbox 386 1213 1273 1537">
     <span class='ocr_line' id='line_1_3' title="bbox 386 1213 1273 1346; baseline -0.014 -6"><span class='ocrx_word' id='word_1_5' title='bbox 386 1219 792 1340; x_wconf 87' lang='lat' dir='ltr'><strong>THOMAE</strong></span> <span class='ocrx_word' id='word_1_6' title='bbox 862 1213 1186 1346; x_wconf 89' lang='lat' dir='ltr'>MORO,</span> <span class='ocrx_word' id='word_1_7' title='bbox 1259 1273 1273 1298; x_wconf 40' lang='lat' dir='ltr'>*s</span> 
     </span>
     <span class='ocr_line' id='line_1_4' title="bbox 500 1400 979 1537; baseline -0.021 -38"><span class='ocrx_word' id='word_1_8' title='bbox 500 1400 979 1537; x_wconf 63' lang='lat' dir='ltr'>·w0nu</span> 
     </span>
    </p>
   </div>
   <div class='ocr_carea' id='block_1_3' title="bbox 390 1633 1193 1807">
    <p class='ocr_par' dir='ltr' id='par_1_3' title="bbox 390 1633 1193 1807">
     <span class='ocr_line' id='line_1_5' title="bbox 390 1633 1193 1807; baseline 0.006 -18"><span class='ocrx_word' id='word_1_9' title='bbox 390 1633 792 1807; x_wconf 74' lang='lat' dir='ltr'>Surenronruvs</span> <span class='ocrx_word' id='word_1_10' title='bbox 817 1715 943 1794; x_wconf 91' lang='lat' dir='ltr'>diebus</span> <span class='ocrx_word' id='word_1_11' title='bbox 961 1735 1047 1793; x_wconf 92' lang='lat' dir='ltr'>cum</span> <span class='ocrx_word' id='word_1_12' title='bbox 1063 1737 1123 1792; x_wconf 91' lang='lat' dir='ltr'>me</span> <span class='ocrx_word' id='word_1_13' title='bbox 1144 1733 1193 1794; x_wconf 82' lang='lat' dir='ltr'>ex</span> 
     </span>
    </p>
   </div>
   <div class='ocr_carea' id='block_1_4' title="bbox 106 1839 1393 3811">
    <p class='ocr_par' dir='ltr' id='par_1_4' title="bbox 106 1839 1393 3811">
     <span class='ocr_line' id='line_1_6' title="bbox 388 1839 1192 1955; baseline 0.001 -33"><span class='ocrx_word' id='word_1_14' title='bbox 388 1839 489 1922; x_wconf 88' lang='lat' dir='ltr'>ltalia</span> <span class='ocrx_word' id='word_1_15' title='bbox 506 1848 547 1922; x_wconf 91' lang='lat' dir='ltr'>in</span> <span class='ocrx_word' id='word_1_16' title='bbox 566 1842 736 1946; x_wconf 78' lang='lat' dir='ltr'>Angliam</span> <span class='ocrx_word' id='word_1_17' title='bbox 752 1850 974 1955; x_wconf 85' lang='lat' dir='ltr'>reciperem,</span> <span class='ocrx_word' id='word_1_18' title='bbox 997 1871 1044 1924; x_wconf 93' lang='lat' dir='ltr'>ne</span> <span class='ocrx_word' id='word_1_19' title='bbox 1067 1860 1192 1924; x_wconf 90' lang='lat' dir='ltr'>totum</span> 
     </span>
     <span class='ocr_line' id='line_1_7' title="bbox 387 1965 1194 2072; baseline 0 -28"><span class='ocrx_word' id='word_1_20' title='bbox 387 1965 465 2045; x_wconf 92' lang='lat' dir='ltr'>hoc</span> <span class='ocrx_word' id='word_1_21' title='bbox 493 1981 664 2070; x_wconf 74' lang='lat' dir='ltr'>tempuS,</span> <span class='ocrx_word' id='word_1_22' title='bbox 697 1967 774 2071; x_wconf 89' lang='lat' dir='ltr'>quo</span> <span class='ocrx_word' id='word_1_23' title='bbox 804 1996 902 2072; x_wconf 92' lang='lat' dir='ltr'>equo</span> <span class='ocrx_word' id='word_1_24' title='bbox 938 1971 1008 2050; x_wconf 88' lang='lat' dir='ltr'>fuit</span> <span class='ocrx_word' id='word_1_25' title='bbox 1038 1969 1194 2046; x_wconf 88' lang='lat' dir='ltr'>infiden-</span> 
     </span>
     <span class='ocr_line' id='line_1_8' title="bbox 389 2087 1194 2186; baseline 0 -21"><span class='ocrx_word' id='word_1_26' title='bbox 389 2087 481 2165; x_wconf 91' lang='lat' dir='ltr'>dum</span> <span class='ocrx_word' id='word_1_27' title='bbox 490 2136 505 2179; x_wconf 78' lang='lat'>,·</span> <span class='ocrx_word' id='word_1_28' title='bbox 531 2119 678 2186; x_wconf 72' lang='grc' dir='ltr'>αμκσοις</span> <span class='ocrx_word' id='word_1_29' title='bbox 697 2096 736 2168; x_wconf 89' lang='lat'>&amp;</span> <span class='ocrx_word' id='word_1_30' title='bbox 757 2093 929 2170; x_wconf 86' lang='lat' dir='ltr'>illiteratis</span> <span class='ocrx_word' id='word_1_31' title='bbox 953 2091 1081 2168; x_wconf 80' lang='lat' dir='ltr'>fabulis</span> <span class='ocrx_word' id='word_1_32' title='bbox 1101 2105 1194 2167; x_wconf 87' lang='lat' dir='ltr'>tere-</span> 
     </span>
     <span class='ocr_line' id='line_1_9' title="bbox 388 2212 1194 2316; baseline 0 -26"><span class='ocrx_word' id='word_1_33' title='bbox 388 2225 511 2301; x_wconf 84' lang='lat' dir='ltr'>retur,</span> <span class='ocrx_word' id='word_1_34' title='bbox 537 2213 651 2292; x_wconf 86' lang='lat' dir='ltr'>malui</span> <span class='ocrx_word' id='word_1_35' title='bbox 677 2235 826 2294; x_wconf 88' lang='lat' dir='ltr'>mecum</span> <span class='ocrx_word' id='word_1_36' title='bbox 848 2215 1037 2316; x_wconf 78' lang='lat' dir='ltr'>aliquoties</span> <span class='ocrx_word' id='word_1_37' title='bbox 1063 2213 1121 2290; x_wconf 91' lang='lat' dir='ltr'>vel</span> <span class='ocrx_word' id='word_1_38' title='bbox 1147 2212 1194 2290; x_wconf 89' lang='lat' dir='ltr'>de</span> 
     </span>
     <span class='ocr_line' id='line_1_10' title="bbox 388 2336 1197 2441; baseline 0.007 -25"><span class='ocrx_word' id='word_1_39' title='bbox 388 2340 649 2420; x_wconf 86' lang='lat' dir='ltr'>communibus</span> <span class='ocrx_word' id='word_1_40' title='bbox 667 2339 791 2419; x_wconf 89' lang='lat' dir='ltr'>studiis</span> <span class='ocrx_word' id='word_1_41' title='bbox 813 2336 1103 2441; x_wconf 82' lang='lat' dir='ltr'>nostrisaliquid</span> <span class='ocrx_word' id='word_1_42' title='bbox 1118 2339 1197 2437; x_wconf 56' lang='lat' dir='ltr'>agi?</span> 
     </span>
     <span class='ocr_line' id='line_1_11' title="bbox 375 2461 1195 2567; baseline 0.001 -28"><span class='ocrx_word' id='word_1_43' title='bbox 375 2474 488 2539; x_wconf 67' lang='lat' dir='ltr'>&#39;‘tare:</span> <span class='ocrx_word' id='word_1_44' title='bbox 520 2461 581 2541; x_wconf 88' lang='lat' dir='ltr'>vel</span> <span class='ocrx_word' id='word_1_45' title='bbox 600 2465 826 2565; x_wconf 86' lang='lat' dir='ltr'>amicorum,</span> <span class='ocrx_word' id='word_1_46' title='bbox 856 2488 950 2567; x_wconf 92' lang='lat' dir='ltr'>quos</span> <span class='ocrx_word' id='word_1_47' title='bbox 978 2463 1039 2543; x_wconf 91' lang='lat' dir='ltr'>hic</span> <span class='ocrx_word' id='word_1_48' title='bbox 1063 2476 1106 2542; x_wconf 91' lang='lat' dir='ltr'>ut</span> <span class='ocrx_word' id='word_1_49' title='bbox 1126 2464 1195 2541; x_wconf 89' lang='lat' dir='ltr'>do-</span> 
     </span>
     <span class='ocr_line' id='line_1_12' title="bbox 388 2584 1190 2689; baseline 0.002 -26"><span class='ocrx_word' id='word_1_50' title='bbox 388 2584 577 2676; x_wconf 72' lang='lat' dir='ltr'>ttiffimos,</span> <span class='ocrx_word' id='word_1_51' title='bbox 602 2590 653 2665; x_wconf 88' lang='lat' dir='ltr'>ita</span> <span class='ocrx_word' id='word_1_52' title='bbox 672 2589 710 2663; x_wconf 89' lang='lat'>&amp;</span> <span class='ocrx_word' id='word_1_53' title='bbox 733 2586 949 2669; x_wconf 85' lang='lat' dir='ltr'>suavillnnos</span> <span class='ocrx_word' id='word_1_54' title='bbox 965 2587 1190 2689; x_wconf 87' lang='lat' dir='ltr'>reliqueram,</span> 
     </span>
     <span class='ocr_line' id='line_1_13' title="bbox 389 2711 1192 2801; baseline -0.002 -11"><span class='ocrx_word' id='word_1_55' title='bbox 389 2712 642 2790; x_wconf 79' lang='lat' dir='ltr'>recordatione</span> <span class='ocrx_word' id='word_1_56' title='bbox 665 2711 746 2789; x_wconf 83' lang='lat' dir='ltr'>frui.</span> <span class='ocrx_word' id='word_1_57' title='bbox 798 2711 898 2791; x_wconf 87' lang='lat' dir='ltr'>Inter</span> <span class='ocrx_word' id='word_1_58' title='bbox 921 2713 991 2792; x_wconf 90' lang='lat' dir='ltr'>hos</span> <span class='ocrx_word' id='word_1_59' title='bbox 1018 2726 1060 2790; x_wconf 88' lang='lat' dir='ltr'>tu</span> <span class='ocrx_word' id='word_1_60' title='bbox 1088 2711 1192 2801; x_wconf 78' lang='lat' dir='ltr'>mihi,</span> 
     </span>
     <span class='ocr_line' id='line_1_14' title="bbox 393 2833 1197 2937; baseline -0.004 -22"><span class='ocrx_word' id='word_1_61' title='bbox 393 2833 566 2924; x_wconf 73' lang='lat' dir='ltr'>Mona,</span> <span class='ocrx_word' id='word_1_62' title='bbox 591 2836 648 2914; x_wconf 87' lang='lat' dir='ltr'>vel</span> <span class='ocrx_word' id='word_1_63' title='bbox 665 2838 704 2912; x_wconf 90' lang='lat' dir='ltr'>in</span> <span class='ocrx_word' id='word_1_64' title='bbox 723 2838 850 2937; x_wconf 88' lang='lat' dir='ltr'>primis</span> <span class='ocrx_word' id='word_1_65' title='bbox 870 2838 1105 2924; x_wconf 82' lang='lat' dir='ltr'>occurrebas.</span> <span class='ocrx_word' id='word_1_66' title='bbox 1133 2860 1197 2913; x_wconf 92' lang='lat' dir='ltr'>cu-</span> 
     </span>
     <span class='ocr_line' id='line_1_15' title="bbox 106 2955 1197 3062; baseline 0.005 -30"><span class='ocrx_word' id='word_1_67' title='bbox 106 2979 107 3032; x_wconf 75' lang='lat' dir='ltr'>l</span> <span class='ocrx_word' id='word_1_68' title='bbox 346 3006 350 3009; x_wconf 91' lang='lat'>·</span> <span class='ocrx_word' id='word_1_69' title='bbox 391 2961 450 3058; x_wconf 86' lang='lat' dir='ltr'>jus</span> <span class='ocrx_word' id='word_1_70' title='bbox 476 2955 646 3062; x_wconf 79' lang='lat' dir='ltr'>equidem</span> <span class='ocrx_word' id='word_1_71' title='bbox 679 2960 830 3039; x_wconf 84' lang='lat' dir='ltr'>absentis</span> <span class='ocrx_word' id='word_1_72' title='bbox 864 2962 985 3039; x_wconf 88' lang='lat' dir='ltr'>absens</span> <span class='ocrx_word' id='word_1_73' title='bbox 1018 2962 1197 3051; x_wconf 86' lang='lat' dir='ltr'>memoria</span> 
     </span>
     <span class='ocr_line' id='line_1_16' title="bbox 186 3067 1393 3186; baseline -0.001 -25"><span class='ocrx_word' id='word_1_74' title='bbox 186 3067 192 3076; x_wconf 47' lang='lat'><strong>⁹</strong></span> <span class='ocrx_word' id='word_1_75' title='bbox 391 3108 473 3162; x_wconf 89' lang='lat' dir='ltr'>non</span> <span class='ocrx_word' id='word_1_76' title='bbox 494 3084 596 3163; x_wconf 86' lang='lat' dir='ltr'>aliter</span> <span class='ocrx_word' id='word_1_77' title='bbox 610 3084 682 3163; x_wconf 89' lang='lat' dir='ltr'>frui</span> <span class='ocrx_word' id='word_1_78' title='bbox 701 3084 889 3174; x_wconf 81' lang='lat' dir='ltr'>solebam,</span> <span class='ocrx_word' id='word_1_79' title='bbox 916 3107 1027 3186; x_wconf 84' lang='lat' dir='ltr'>quam</span> <span class='ocrx_word' id='word_1_80' title='bbox 1046 3084 1198 3185; x_wconf 84' lang='lat' dir='ltr'>praesen-</span> <span class='ocrx_word' id='word_1_81' title='bbox 1309 3132 1313 3141; x_wconf 83' lang='lat'><em>·</em></span> <span class='ocrx_word' id='word_1_82' title='bbox 1391 3067 1393 3078; x_wconf 10' lang='grc' dir='ltr'>ἵ</span> 
     </span>
     <span class='ocr_line' id='line_1_17' title="bbox 390 3207 1205 3311; baseline -0.004 -24"><span class='ocrx_word' id='word_1_83' title='bbox 390 3212 439 3287; x_wconf 89' lang='lat' dir='ltr'>tis</span> <span class='ocrx_word' id='word_1_84' title='bbox 457 3208 608 3311; x_wconf 75' lang='lat' dir='ltr'>presens</span> <span class='ocrx_word' id='word_1_85' title='bbox 629 3208 888 3288; x_wconf 85' lang='lat' dir='ltr'>consuetudine</span> <span class='ocrx_word' id='word_1_86' title='bbox 910 3207 1166 3286; x_wconf 85' lang='lat' dir='ltr'>consueveram</span> <span class='ocrx_word' id='word_1_87' title='bbox 1180 3212 1205 3296; x_wconf 81' lang='grc'>,’</span> 
     </span>
     <span class='ocr_line' id='line_1_18' title="bbox 392 3332 1199 3442; baseline -0.005 -31"><span class='ocrx_word' id='word_1_88' title='bbox 392 3358 468 3436; x_wconf 87' lang='lat' dir='ltr'>qua</span> <span class='ocrx_word' id='word_1_89' title='bbox 487 3333 700 3434; x_wconf 81' lang='lat' dir='ltr'>dispeream,</span> <span class='ocrx_word' id='word_1_90' title='bbox 724 3332 753 3410; x_wconf 85' lang='lat' dir='ltr'>fi</span> <span class='ocrx_word' id='word_1_91' title='bbox 770 3332 862 3435; x_wconf 91' lang='lat' dir='ltr'>quid</span> <span class='ocrx_word' id='word_1_92' title='bbox 885 3354 1048 3433; x_wconf 84' lang='lat' dir='ltr'>unquam</span> <span class='ocrx_word' id='word_1_93' title='bbox 1063 3334 1107 3442; x_wconf 91' lang='lat' dir='ltr'>in</span> <span class='ocrx_word' id='word_1_94' title='bbox 1125 3333 1199 3407; x_wconf 82' lang='lat' dir='ltr'>vita</span> 
     </span>
     <span class='ocr_line' id='line_1_19' title="bbox 393 3454 1201 3561; baseline -0.005 -28"><span class='ocrx_word' id='word_1_95' title='bbox 393 3459 553 3555; x_wconf 89' lang='lat' dir='ltr'>contigit</span> <span class='ocrx_word' id='word_1_96' title='bbox 568 3458 747 3535; x_wconf 74' lang='lat' dir='ltr'>mellitiue</span> <span class='ocrx_word' id='word_1_97' title='bbox 802 3454 903 3561; x_wconf 85' lang='lat' dir='ltr'>Ergo</span> <span class='ocrx_word' id='word_1_98' title='bbox 922 3457 1098 3557; x_wconf 90' lang='lat' dir='ltr'>quoniam</span> <span class='ocrx_word' id='word_1_99' title='bbox 1117 3477 1201 3530; x_wconf 84' lang='lat' dir='ltr'>om-</span> 
     </span>
     <span class='ocr_line' id='line_1_20' title="bbox 393 3578 1200 3679; baseline -0.002 -22"><span class='ocrx_word' id='word_1_100' title='bbox 393 3582 486 3657; x_wconf 92' lang='lat' dir='ltr'>niuo</span> <span class='ocrx_word' id='word_1_101' title='bbox 500 3578 635 3679; x_wconf 87' lang='lat' dir='ltr'>aliquid</span> <span class='ocrx_word' id='word_1_102' title='bbox 650 3579 834 3678; x_wconf 85' lang='lat' dir='ltr'>agendum</span> <span class='ocrx_word' id='word_1_103' title='bbox 855 3579 966 3665; x_wconf 85' lang='lat' dir='ltr'>duxi,</span> <span class='ocrx_word' id='word_1_104' title='bbox 994 3578 1032 3653; x_wconf 89' lang='lat'>&amp;</span> <span class='ocrx_word' id='word_1_105' title='bbox 1051 3578 1088 3655; x_wconf 94' lang='lat' dir='ltr'>id</span> <span class='ocrx_word' id='word_1_106' title='bbox 1105 3592 1200 3655; x_wconf 88' lang='lat' dir='ltr'>tem-</span> 
     </span>
     <span class='ocr_line' id='line_1_21' title="bbox 392 3701 1199 3811; baseline 0.001 -26"><span class='ocrx_word' id='word_1_107' title='bbox 392 3728 465 3811; x_wconf 86' lang='lat' dir='ltr'>pus</span> <span class='ocrx_word' id='word_1_108' title='bbox 486 3703 533 3785; x_wconf 91' lang='lat' dir='ltr'>ad</span> <span class='ocrx_word' id='word_1_109' title='bbox 551 3701 677 3783; x_wconf 84' lang='lat' dir='ltr'>seriam</span> <span class='ocrx_word' id='word_1_110' title='bbox 694 3704 1044 3785; x_wconf 87' lang='lat' dir='ltr'>commentationem</span> <span class='ocrx_word' id='word_1_111' title='bbox 1066 3726 1199 3809; x_wconf 86' lang='lat' dir='ltr'>parum</span> 
     </span>
    </p>
   </div>
   <div class='ocr_carea' id='block_1_5' title="bbox 0 0 1646 4775">
    <p class='ocr_par' dir='ltr' id='par_1_5' title="bbox 0 0 1646 4775">
     <span class='ocr_line' id='line_1_22' title="bbox 0 0 1646 4775; baseline 0 0"><span class='ocrx_word' id='word_1_112' title='bbox 0 0 1646 4775; x_wconf 95' lang='lat' dir='ltr'> </span> 
     </span>
    </p>
   </div>
  </div>
 </body>
</html>
