3259 4775
449 813 526 904 190
637 819 1032 888 wrrnrrrr‘z

452 951 658 1030 deamandis
683 953 748 1046 (i)
766 955 878 1030 beatis
901 951 1048 1030 aniculis
1068 947 1249 1052 aucupari.-

452 1087 627 1188 Quorum
646 1095 790 1194 utrique
807 1107 889 1171 tum
900 1094 1050 1172 demum
1067 1097 1251 1191 egregiam

453 1235 499 1312 de
512 1234 546 1312 se
556 1233 781 1332 voluptatem
795 1231 877 1311 Diis
889 1227 1141 1334 speilatoribus
1161 1259 1251 1334 prae-

451 1377 566 1463 bent,
595 1397 679 1452 curn
700 1375 744 1450 ab
766 1377 808 1450 iis
831 1373 943 1473 ipsis,
969 1401 1063 1476 quos
1084 1390 1245 1479 captant,

452 1532 527 1594 arte
536 1515 757 1594 deluduntur
781 1515 874 1608 (k).
913 1512 974 1592 Est
984 1521 1152 1623 onmium
1165 1515 1252 1594 stul-

452 1657 622 1736 tiffimum
636 1681 677 1732 ac
694 1653 969 1731 sordidiffimum
978 1659 1252 1754 negotiatorum
1342 1675 1344 1678 ⁴

453 1822 594 1896 genus,
623 1797 757 1894 quippe
775 1797 840 1895 qui
857 1790 936 1871 renr'
956 1799 1123 1874 omnium
1140 1796 1252 1874 sordi-

453 1935 627 2086 dillmam
648 1935 798 2012 tranent
818 1934 909 2029 (l),
937 1938 1048 2041 idque
1064 1936 1252 2017 sordidiffi-

455 2136 511 2210 (i)
531 2139 620 2194 Beata
635 2141 710 2192 vocat
727 2133 830 2191 divites.
875 2133 1033 2207 juvenatis,
1053 2133 1154 2206 Optima
1157 2137 1254 2202 summi

501 2227 601 2278 *Nune
614 2226 661 2276 via
678 2217 814 2293 proeefflts‚¹
828 2226 919 2276 vetulae
934 2224 1013 2290 vefica
1029 2227 1112 2276 beatae.
1149 2225 1181 2276 L.
1224 2269 1239 2278 ,,

412 2355 415 2362 .
454 2303 517 2378 (k)
536 2307 567 2359 ld
583 2303 710 2359 Horatius
723 2306 813 2357 narrat
829 2307 861 2356 de
876 2303 1122 2358 Naficancorane
1159 2305 1252 2359 Lucia·

522 2408 574 2445 nus
589 2392 653 2449 item
665 2385 848 2442 denonnullir
863 2411 885 2446 n
897 2391 1019 2462 ungitur·
1055 2384 1086 2443 l.

456 2473 509 2545 (l)
527 2474 666 2528 Sordidum
679 2479 757 2523 vocat
779 2468 950 2533 illiberale&
970 2488 1064 2539 magno
1079 2476 1165 2529 animo
1183 2472 1252 2530 indi.

445 2586 449 2593 ·
522 2574 612 2627 gnum.
649 2554 730 2613 Porro
749 2555 776 2605 in
797 2550 929 2608 bonorum
942 2548 1061 2620 'ordinm
1081 2553 1159 2611 etiam
1173 2559 1252 2624 juxte

521 2639 706 2709 Peripateticos
726 2636 795 2693 nihil
811 2640 1049 2708 viliuspecunia,
1077 2660 1154 2713 quam
1172 2642 1252 2699 lolam
1282 2691 1286 2696 .

522 2724 628 2795 c'aptant
643 2724 825 2794 negotiatores.
862 2725 918 2781 Nec
935 2723 1026 2781 Cicero
1038 2726 1129 2796 prohat
1141 2730 1189 2785 hoe
1206 2748 1251 2785 rre-

439 2852 445 2863 .
523 2813 682 2884 gotiatnrum
700 2828 799 2881 genus,
818 2814 864 2882 qni
887 2814 930 2867 hic
950 2822 1118 2873 coemuntur
1132 2816 1252 2871 rlibi'cn·

522 2902 579 2955 rius
596 2898 720 2955 vendant.
757 2898 793 2953 Et
814 2897 957 2965 pauciffimi
980 2898 1065 2967 sunt,
1092 2902 1145 2953 imo
1163 2893 1249 2967 nulli,

495 2986 634 3053 mopinor,
654 2984 699 3053 q'ui
711 2979 764 3054 fipe
780 2982 875 3037 frande
891 2977 1023 3038 ditescant.
1069 2984 1205 3040 Et'tamen
1221 2972 1252 3040 lii

523 3069 574 3125 tuli
592 3069 719 3126 habentur
730 3070 761 3129 in
776 3070 877 3137 pretio,
896 3086 955 3123 cum
970 3071 997 3123 in
1013 3067 1148 3124 sententiis
1159 3068 1250 3126 rhen

447 3150 452 3161 ’
524 3156 642 3224 logorurn
654 3139 862 3223 planellamna'ta
876 3150 908 3209 fit
918 3148 1075 3222 negotiatio,
1093 3149 1252 3223 l‘rGregorin

440 3279 444 3287 =
524 3242 671 3305 credimus,
689 3232 750 3293 nam'
763 3230 805 3293 llic
819 3240 917 3295 citatur
929 3237 1124 3302 iniententiis,
1141 3254 1190 3295 nec
1201 3242 1251 3295 ml-

522 3344 573 3381 nus
589 3322 816 3395 srChrysoltomo,
836 3323 980 3392 Augustino
996 3326 1023 3379 ἃ
1037 3322 1182 3379 Caffiodoro
1196 3343 1252 3380 cre·

439 3396 459 3428 '¹
525 3410 631 3477 dimus,
650 3426 710 3463 nam
723 3406 752 3471 hi
766 3409 880 3463 citantur
898 3409 926 3461 in
945 3406 1054 3464 decretis
1065 3408 1118 3474 ‘list-
1130 3419 1171 3468 88.
1187 3428 1252 3480 quo-

439 3536 444 3543 .
524 3514 584 3551 rum
602 3492 760 3550 santliffimis
777 3490 895 3563 seriptis,
907 3492 1001 3549 ‘nescio
1011 3494 1174 3565 quiritatu,
1185 3510 1251 3547 mer·

524 3578 656 3637 tatoribus
672 3578 790 3638 attentari
806 3577 917 3650 volens3
932 3580 1019 3651 p'al‘ers
1033 3575 1177 3652 pr'aeposuit.
1196 3576 1249 3633 Au·
