3259 4775
466 813 537 898 wo
662 814 1047 884 -‘nonrnz'

462 946 552 1050 quid
565 945 714 1048 usquam
726 947 988 1026 incustoditum
1007 935 1109 1025 nadi'
1120 937 1269 1039 l'ueri'nc,¹

461 1090 498 1167 id
527 1089 627 1166 velut
658 1086 863 1166 hereditate
898 1091 1118 1178 obvenerit,
1160 1102 1266 1190 aequo

453 1234 585 1308 'animo
612 1229 748 1308 tollant.
783 1229 887 1308 Sunt
910 1234 973 1332 qui
1005 1235 1099 1309 votis
1125 1226 1267 1310 tanturn

357 1451 360 1458 ,
456 1373 587 1449 divites
616 1373 694 1448 sunt
716 1369 823 1464 (0),
851 1372 888 1446 ἃ
916 1355 1078 1469 jucundl
1102 1372 1267 1473 quaedam

459 1511 521 1589 fibi
542 1513 686 1613 fingunt
704 1513 862 1598 somnia,
883 1513 992 1612 idque
1006 1514 1049 1589 ad
1061 1515 1267 1590 felicitatem

456 1655 535 1732 salis
562 1655 628 1731 elle
658 1649 795 1754 putant'ss
852 1650 1034 1730 Nonnulli
1063 1652 1150 1727 foris
1177 1652 1267 1733 divi-

459 1810 512 1882 tes
535 1796 657 1871 haberi
680 1792 862 1890 gaudent,
891 1791 994 1869 domi
1009 1793 1173 1890 gnaviter
1190 1793 1267 1872 esu·
1335 1824 1336 1827 ¹

455 1940 557 2015 riunt
606 1933 676 2012 Hic
698 1934 836 2012 festinat
860 1935 1033 2039 quicquid
1056 1933 1163 2011 habet
1180 1959 1267 2035 pro-

455 2079 631 2166 fundere,
657 2077 718 2154 ¹ille
743 2101 806 2178 per
821 2077 871 2155 fas
893 2079 1062 2180 nefasque
1086 2057 1262 2178 congerit

365 2303 372 2330 x
457 2219 529 2299 Hic
549 2221 765 2299 candidatus
788 2223 902 2296 ambit
924 2218 1117 2317 populares
1143 2218 1264 2294 hono-

454 2385 532 2447 res,
551 2361 612 2435 ille
634 2359 677 2434 ad
699 2359 825 2433 focum
847 2357 955 2433 semet
974 2357 1137 2434 oblenae
1164 2355 1266 2435 Bono

457 2524 537 2603 pars
557 2500 637 2575 lites
660 2520 847 2595 nonquam
870 2496 1041 2574 finiendas
1066 2500 1197 2595 agitat,
1226 2500 1264 2574 δε

456 2640 544 2717 hinc
564 2654 671 2739 atque
697 2634 781 2719 hinc
815 2638 979 2715 certatim
1011 2638 1261 2730 contendunt,

399 2798 420 2819 ·’
457 2793 501 2859 ut
522 2794 801 2880 prorogatorem
825 2779 1013 2877 judicern,
1054 2781 1091 2857 &
1111 2779 1264 2859 colluso-

455 2948 534 3001 rem
562 2901 640 3023 (p)
666 2908 781 2999 ditent
802 2922 1029 3008 advocatum
1068 2921 1140 3001 ch
1157 2925 1264 2999 rebus

427 3146 430 3153 ,
457 3064 634 3155 novandis
652 3064 789 3173 studet,
818 3064 877 3142 ille
893 3089 1069 3165 magnum
1090 3063 1264 3165 quiddam

456 3244 517 3317 (ο)
536 3246 573 3301 Ut
590 3249 659 3315 apud
672 3246 841 3310 brennum,
860 3247 887 3297 in
903 3246 988 3297 Navi.
1025 3242 1057 3296 L

456 3330 474 3409 ζ
479 3330 517 3405 p)
537 3333 669 3403 colludit,
689 3334 735 3400 qui
753 3338 830 3384 nocet
847 3331 933 3394 parti,
960 3344 1037 3397 quam
1054 3327 1161 3384 videtur
1180 3326 1262 3395 tuerl,

527 3420 678 3484 &adjuvat
696 3432 774 3486 quam
790 3414 895 3469 videtur
910 3404 1080 3487 oppugnare,
1106 3417 1175 3486 quod
1191 3417 1263 3481 joto-

457 3502 460 3513 '
528 3503 639 3563 consulti
658 3512 753 3561 vocant
763 3501 1005 3573 praevaricationem.
1040 3500 1075 3558 L

1033 3616 1037 3623 ’
1099 3606 1259 3688 molitur.
1307 3593 1313 3605 ’
