3259 4775
585 844 980 911 trxnmou.
1108 832 1194 926 ²05·
1316 874 1326 885 ·

382 970 490 1059 velit,
514 986 576 1049 aut
589 976 669 1073 quis
681 973 858 1049 exercitus
875 971 985 1049 talem
997 984 1107 1083 pptet
1119 973 1189 1051 du-

385 1112 491 1223 cem?
506 1116 582 1190 imo
595 1136 676 1214 quae
688 1112 817 1191 mulier
827 1112 865 1189 id
873 1136 989 1212 genus
1000 1115 1183 1202 maritum,

384 1256 467 1355 quis
478 1257 688 1332 convivator
697 1253 872 1352 eJ‘usmodi
882 1256 1083 1343 convivam,
1104 1256 1188 1357 quis

383 1394 504 1472 servus
519 1394 648 1473 talibus
659 1398 825 1473 moribus
837 1394 1031 1474 dominum
1045 1396 1103 1473 vel
1119 1418 1190 1497 op·

384 1548 459 1623 tet,
493 1535 550 1611 vel
570 1536 686 1653 ferat?
710 1536 804 1631 Quis
829 1550 951 1615 autem
979 1560 1057 1613 non
1086 1535 1190 1614 malit

322 1666 326 1673 ’
384 1676 444 1754 vel
455 1662 571 1755 unum
587 1681 753 1782 quemvis
764 1678 811 1757 de
833 1678 952 1756 media
971 1673 1191 1756 stultiffimo·

384 1840 470 1895 rum
491 1818 686 1910 hominum
708 1818 835 1919 plebe,
864 1819 1078 1920 quistultus
1103 1810 1190 1924 stul}

385 1962 432 2039 tis
452 1958 510 2035 vel
521 1961 716 2059 imperate,
742 1956 850 2059 poffit
870 1960 929 2036 vel
951 1985 1098 2059 parere,
1125 1958 1192 2057 qui

385 2098 440 2177 sui
452 2097 624 2173 ssmilibus
640 2098 797 2197 placeat,
819 2098 879 2173 [ed
898 2097 1189 2198 quamplurimis,

387 2240 455 2341 qui
485 2240 600 2315 comis
642 2235 685 2313 fit
715 2238 754 2315 in
790 2256 975 2325 uxorem,
1008 2227 1191 2334 Jufflndu's

386 2382 536 2468 amicis,
557 2378 675 2456 bellus
693 2380 872 2466 conviva,
898 2377 1084 2459 convifior
1105 2376 1194 2455 facia

387 2522 456 2610 lis,
490 2511 677 2623 postr'emo
713 2522 777 2622 qui
810 2518 901 2596 nihil
936 2519 1087 2599 humani
1112 2519 1193 2597 ase

388 2663 548 2742 alienum
564 2659 697 2764 putet?
716 2659 786 2737 Sed
806 2685 867 2738 me
883 2660 1031 2762 quidem
1049 2646 1194 2758 jamdu'.

390 2803 482 2880 dum
496 2803 595 2880 istius
617 2801 779 2902 sapientis
797 2805 909 2902 piget.
938 2798 1062 2896 Quare
1080 2802 1126 2880 ad
1135 2825 1194 2881 re·

391 2944 490 3048 liqua
511 2943 707 3024 commoda
731 2943 798 3019 sese
818 2945 965 3043 recipiat
986 2946 1114 3020 oratio.
1180 2956 1185 2963 ‘

363 3141 366 3148 =
390 3153 394 3160 .
463 3082 696 3186 Agedum,s1
718 3087 798 3187 quis
812 3082 912 3161 velut
927 3082 1100 3160 esublimi
1115 3083 1194 3182 spe·
1278 3124 1283 3141 x

392 3226 474 3314 cula
493 3225 758 3328 circunspiciat‚
790 3229 839 3308 ita
860 3221 1053 3324 utJovem
1071 3221 1193 3302 Poetae

392 3365 508 3443 facere
523 3369 727 3467 praedicant,
747 3381 840 3470 quot
855 3366 1112 3447 calamitatibus
1123 3364 1193 3439 ho-

389 3510 638 3598 minumsvita
658 3507 700 3591 fit
717 3511 890 3600 obnoxia.
921 3480 1034 3615 quani
1045 3504 1190 3604 misera,
