<?xml version="1.0" encoding="UTF-8"?>
<!DOCTYPE html PUBLIC "-//W3C//DTD XHTML 1.0 Transitional//EN"
    "http://www.w3.org/TR/xhtml1/DTD/xhtml1-transitional.dtd">
<html xmlns="http://www.w3.org/1999/xhtml" xml:lang="en" lang="en">
 <head>
  <title>
</title>
<meta http-equiv="Content-Type" content="text/html;charset=utf-8" />
  <meta name='ocr-system' content='tesseract 3.04.00' />
  <meta name='ocr-capabilities' content='ocr_page ocr_carea ocr_par ocr_line ocrx_word'/>
</head>
<body>
  <div class='ocr_page' id='page_1' title='image "./mriasenkmionrom00erasgoog_0283.png"; bbox 0 0 3259 4775; ppageno 0'>
   <div class='ocr_carea' id='block_1_1' title="bbox 262 818 1302 1612">
    <p class='ocr_par' dir='ltr' id='par_1_1' title="bbox 262 818 1302 1188">
     <span class='ocr_line' id='line_1_1' title="bbox 513 818 1220 916; baseline -0.006 -30"><span class='ocrx_word' id='word_1_1' title='bbox 513 834 516 847; x_wconf 87' lang='lat'><strong>·</strong></span> <span class='ocrx_word' id='word_1_2' title='bbox 627 820 1024 895; x_wconf 73' lang='lat' dir='ltr'>aurnurou.</span> <span class='ocrx_word' id='word_1_3' title='bbox 1142 818 1220 916; x_wconf 56' lang='lat'>259</span> 
     </span>
     <span class='ocr_line' id='line_1_2' title="bbox 416 943 1302 1053; baseline 0 -26"><span class='ocrx_word' id='word_1_4' title='bbox 416 943 588 1037; x_wconf 87' lang='lat' dir='ltr'>nonnihil</span> <span class='ocrx_word' id='word_1_5' title='bbox 619 944 873 1035; x_wconf 83' lang='lat' dir='ltr'>adulationis,</span> <span class='ocrx_word' id='word_1_6' title='bbox 912 970 988 1050; x_wconf 90' lang='lat' dir='ltr'>quo</span> <span class='ocrx_word' id='word_1_7' title='bbox 1030 946 1226 1049; x_wconf 72' lang='lat' dir='ltr'>populares</span> <span class='ocrx_word' id='word_1_8' title='bbox 1297 1043 1302 1053; x_wconf 26' lang='lat'><strong><em>¹</em></strong></span> 
     </span>
     <span class='ocr_line' id='line_1_3' title="bbox 262 1064 1226 1188; baseline -0.007 -16"><span class='ocrx_word' id='word_1_9' title='bbox 262 1064 266 1071; x_wconf 31' lang='lat'><strong><em>¹</em></strong></span> <span class='ocrx_word' id='word_1_10' title='bbox 395 1066 578 1178; x_wconf 87' lang='lat' dir='ltr'>animos,</span> <span class='ocrx_word' id='word_1_11' title='bbox 608 1102 798 1188; x_wconf 86' lang='lat' dir='ltr'>utcunque</span> <span class='ocrx_word' id='word_1_12' title='bbox 814 1084 880 1164; x_wconf 86' lang='lat' dir='ltr'>fibi</span> <span class='ocrx_word' id='word_1_13' title='bbox 898 1086 1113 1165; x_wconf 76' lang='lat' dir='ltr'><strong>devinciant.</strong></span> <span class='ocrx_word' id='word_1_14' title='bbox 1139 1086 1226 1165; x_wconf 86' lang='lat' dir='ltr'>Fin-</span> 
     </span>
    </p>

    <p class='ocr_par' dir='ltr' id='par_1_2' title="bbox 329 1200 1284 1612">
     <span class='ocr_line' id='line_1_4' title="bbox 329 1200 1224 1334; baseline -0.003 -24"><span class='ocrx_word' id='word_1_15' title='bbox 329 1200 332 1213; x_wconf 62' lang='lat'><em>„</em></span> <span class='ocrx_word' id='word_1_16' title='bbox 416 1233 493 1334; x_wconf 88' lang='lat' dir='ltr'>gite</span> <span class='ocrx_word' id='word_1_17' title='bbox 523 1222 616 1307; x_wconf 86' lang='lat' dir='ltr'>mihi</span> <span class='ocrx_word' id='word_1_18' title='bbox 647 1252 747 1311; x_wconf 87' lang='lat' dir='ltr'>nunc</span> <span class='ocrx_word' id='word_1_19' title='bbox 780 1228 904 1331; x_wconf 89' lang='lat' dir='ltr'>quales</span> <span class='ocrx_word' id='word_1_20' title='bbox 935 1224 1017 1311; x_wconf 85' lang='lat' dir='ltr'>sunt</span> <span class='ocrx_word' id='word_1_21' title='bbox 1048 1253 1224 1307; x_wconf 83' lang='lat' dir='ltr'>nonnun-</span> 
     </span>
     <span class='ocr_line' id='line_1_5' title="bbox 339 1342 1223 1474; baseline -0.008 -22"><span class='ocrx_word' id='word_1_22' title='bbox 339 1344 345 1351; x_wconf 35' lang='grc'><em>’</em></span> <span class='ocrx_word' id='word_1_23' title='bbox 417 1394 540 1474; x_wconf 88' lang='lat' dir='ltr'>quam,</span> <span class='ocrx_word' id='word_1_24' title='bbox 558 1342 748 1447; x_wconf 72' lang='lat' dir='ltr'>hominem</span> <span class='ocrx_word' id='word_1_25' title='bbox 757 1368 886 1469; x_wconf 82' lang='lat' dir='ltr'>legum</span> <span class='ocrx_word' id='word_1_26' title='bbox 894 1370 1084 1467; x_wconf 87' lang='lat' dir='ltr'>ignarum,</span> <span class='ocrx_word' id='word_1_27' title='bbox 1102 1369 1223 1470; x_wconf 88' lang='lat' dir='ltr'>pubii-</span> 
     </span>
     <span class='ocr_line' id='line_1_6' title="bbox 417 1507 1284 1612; baseline -0.012 -23"><span class='ocrx_word' id='word_1_28' title='bbox 417 1534 549 1589; x_wconf 88' lang='lat' dir='ltr'>corum</span> <span class='ocrx_word' id='word_1_29' title='bbox 564 1508 854 1589; x_wconf 87' lang='lat' dir='ltr'>commodorum</span> <span class='ocrx_word' id='word_1_30' title='bbox 866 1533 959 1612; x_wconf 88' lang='lat' dir='ltr'>pene</span> <span class='ocrx_word' id='word_1_31' title='bbox 970 1507 1134 1597; x_wconf 90' lang='lat' dir='ltr'>hostem,</span> <span class='ocrx_word' id='word_1_32' title='bbox 1149 1510 1224 1609; x_wconf 83' lang='lat' dir='ltr'>pri·</span> <span class='ocrx_word' id='word_1_33' title='bbox 1278 1573 1284 1579; x_wconf 85' lang='lat'><em>.</em></span> 
     </span>
    </p>
   </div>
   <div class='ocr_carea' id='block_1_2' title="bbox 284 1647 1489 1905">
    <p class='ocr_par' dir='ltr' id='par_1_3' title="bbox 284 1647 1489 1905">
     <span class='ocr_line' id='line_1_7' title="bbox 284 1647 1404 1738; baseline 0 -7"><span class='ocrx_word' id='word_1_34' title='bbox 284 1678 287 1685; x_wconf 88' lang='lat'>·</span> <span class='ocrx_word' id='word_1_35' title='bbox 416 1653 507 1731; x_wconf 84' lang='lat' dir='ltr'>vatis</span> <span class='ocrx_word' id='word_1_36' title='bbox 526 1654 708 1729; x_wconf 80' lang='lat' dir='ltr'>intentum</span> <span class='ocrx_word' id='word_1_37' title='bbox 730 1648 1084 1738; x_wconf 87' lang='lat' dir='ltr'>commoditatibus,</span> <span class='ocrx_word' id='word_1_38' title='bbox 1118 1647 1220 1727; x_wconf 82' lang='lat' dir='ltr'>addi·</span> <span class='ocrx_word' id='word_1_39' title='bbox 1399 1724 1404 1731; x_wconf 89' lang='lat'><em>.</em></span> 
     </span>
     <span class='ocr_line' id='line_1_8' title="bbox 418 1788 1489 1905; baseline -0.001 -34"><span class='ocrx_word' id='word_1_40' title='bbox 418 1791 517 1871; x_wconf 72' lang='lat' dir='ltr'>&amp;um</span> <span class='ocrx_word' id='word_1_41' title='bbox 539 1792 808 1895; x_wconf 85' lang='lat' dir='ltr'>voluptatibus,</span> <span class='ocrx_word' id='word_1_42' title='bbox 836 1790 979 1869; x_wconf 86' lang='lat' dir='ltr'>osorem</span> <span class='ocrx_word' id='word_1_43' title='bbox 994 1789 1220 1879; x_wconf 87' lang='lat' dir='ltr'>eruditionis,</span> <span class='ocrx_word' id='word_1_44' title='bbox 1360 1898 1363 1905; x_wconf 23' lang='grc' dir='ltr'>Ι</span> <span class='ocrx_word' id='word_1_45' title='bbox 1485 1788 1489 1795; x_wconf 78' lang='grc'>’</span> 
     </span>
    </p>
   </div>
   <div class='ocr_carea' id='block_1_3' title="bbox 317 1929 1348 3306">
    <p class='ocr_par' dir='ltr' id='par_1_4' title="bbox 317 1929 1348 3306">
     <span class='ocr_line' id='line_1_9' title="bbox 417 1929 1225 2035; baseline -0.002 -22"><span class='ocrx_word' id='word_1_46' title='bbox 417 1933 562 2013; x_wconf 83' lang='lat' dir='ltr'>osorem</span> <span class='ocrx_word' id='word_1_47' title='bbox 582 1933 754 2035; x_wconf 85' lang='lat' dir='ltr'>libertatis</span> <span class='ocrx_word' id='word_1_48' title='bbox 783 1956 826 2009; x_wconf 84' lang='lat' dir='ltr'>ac</span> <span class='ocrx_word' id='word_1_49' title='bbox 852 1933 951 2021; x_wconf 83' lang='lat' dir='ltr'>veri,</span> <span class='ocrx_word' id='word_1_50' title='bbox 985 1929 1078 2020; x_wconf 83' lang='lat' dir='ltr'><strong>nihil</strong></span> <span class='ocrx_word' id='word_1_51' title='bbox 1102 1936 1225 2011; x_wconf 79' lang='lat' dir='ltr'>minuc</span> 
     </span>
     <span class='ocr_line' id='line_1_10' title="bbox 420 2070 1221 2176; baseline 0.002 -24"><span class='ocrx_word' id='word_1_52' title='bbox 420 2098 533 2176; x_wconf 88' lang='lat' dir='ltr'>quam</span> <span class='ocrx_word' id='word_1_53' title='bbox 551 2072 597 2149; x_wconf 90' lang='lat' dir='ltr'>de</span> <span class='ocrx_word' id='word_1_54' title='bbox 620 2070 845 2171; x_wconf 69' lang='lat' dir='ltr'>Reipublicae</span> <span class='ocrx_word' id='word_1_55' title='bbox 860 2071 970 2149; x_wconf 85' lang='lat' dir='ltr'>salute</span> <span class='ocrx_word' id='word_1_56' title='bbox 985 2076 1221 2171; x_wconf 83' lang='lat' dir='ltr'>cogitantem,</span> 
     </span>
     <span class='ocr_line' id='line_1_11' title="bbox 416 2208 1226 2313; baseline 0.001 -22"><span class='ocrx_word' id='word_1_57' title='bbox 416 2208 478 2291; x_wconf 69' lang='lat' dir='ltr'>¹sed</span> <span class='ocrx_word' id='word_1_58' title='bbox 498 2210 700 2290; x_wconf 83' lang='lat' dir='ltr'>omniasun</span> <span class='ocrx_word' id='word_1_59' title='bbox 723 2208 894 2299; x_wconf 86' lang='lat' dir='ltr'>libidine,</span> <span class='ocrx_word' id='word_1_60' title='bbox 926 2210 1071 2313; x_wconf 86' lang='lat' dir='ltr'>suisque</span> <span class='ocrx_word' id='word_1_61' title='bbox 1091 2212 1226 2292; x_wconf 85' lang='lat' dir='ltr'>utilita-</span> 
     </span>
     <span class='ocr_line' id='line_1_12' title="bbox 413 2348 1225 2468; baseline 0 -34"><span class='ocrx_word' id='word_1_62' title='bbox 413 2348 518 2434; x_wconf 84' lang='lat' dir='ltr'>tibus</span> <span class='ocrx_word' id='word_1_63' title='bbox 546 2354 767 2431; x_wconf 83' lang='lat' dir='ltr'>metientem.</span> <span class='ocrx_word' id='word_1_64' title='bbox 809 2348 956 2468; x_wconf 90' lang='lat' dir='ltr'>Deinde</span> <span class='ocrx_word' id='word_1_65' title='bbox 983 2352 1105 2431; x_wconf 89' lang='lat' dir='ltr'>addite</span> <span class='ocrx_word' id='word_1_66' title='bbox 1137 2352 1225 2434; x_wconf 89' lang='lat' dir='ltr'>huic</span> 
     </span>
     <span class='ocr_line' id='line_1_13' title="bbox 317 2497 1225 2598; baseline -0.004 -22"><span class='ocrx_word' id='word_1_67' title='bbox 317 2555 323 2565; x_wconf 78' lang='grc'><strong>.</strong></span> <span class='ocrx_word' id='word_1_68' title='bbox 418 2511 593 2598; x_wconf 84' lang='lat' dir='ltr'>torquem</span> <span class='ocrx_word' id='word_1_69' title='bbox 624 2517 805 2585; x_wconf 85' lang='lat' dir='ltr'>auream,</span> <span class='ocrx_word' id='word_1_70' title='bbox 848 2497 1017 2574; x_wconf 90' lang='lat' dir='ltr'>omnium</span> <span class='ocrx_word' id='word_1_71' title='bbox 1046 2498 1225 2574; x_wconf 86' lang='lat' dir='ltr'>virtutum</span> 
     </span>
     <span class='ocr_line' id='line_1_14' title="bbox 419 2635 1220 2728; baseline -0.004 -11"><span class='ocrx_word' id='word_1_72' title='bbox 419 2639 683 2717; x_wconf 84' lang='lat' dir='ltr'>cohaerentium</span> <span class='ocrx_word' id='word_1_73' title='bbox 721 2636 932 2716; x_wconf 89' lang='lat' dir='ltr'>consensum</span> <span class='ocrx_word' id='word_1_74' title='bbox 977 2635 1220 2728; x_wconf 87' lang='lat' dir='ltr'>indicantem,</span> 
     </span>
     <span class='ocr_line' id='line_1_15' title="bbox 418 2753 1348 2893; baseline -0.001 -35"><span class='ocrx_word' id='word_1_75' title='bbox 418 2753 690 2893; x_wconf 29' lang='lat' dir='ltr'>tum‘coronam</span> <span class='ocrx_word' id='word_1_76' title='bbox 713 2778 869 2874; x_wconf 71' lang='lat' dir='ltr'>gemmis</span> <span class='ocrx_word' id='word_1_77' title='bbox 889 2775 1115 2875; x_wconf 69' lang='lat' dir='ltr'>insignitam,</span> <span class='ocrx_word' id='word_1_78' title='bbox 1142 2801 1224 2884; x_wconf 81' lang='lat' dir='ltr'>quae</span> <span class='ocrx_word' id='word_1_79' title='bbox 1339 2817 1348 2824; x_wconf 93' lang='lat'><em>·</em></span> 
     </span>
     <span class='ocr_line' id='line_1_16' title="bbox 352 2901 1225 3035; baseline -0.003 -40"><span class='ocrx_word' id='word_1_80' title='bbox 352 2945 354 2952; x_wconf 92' lang='lat'>·</span> <span class='ocrx_word' id='word_1_81' title='bbox 418 2919 570 3021; x_wconf 89' lang='lat' dir='ltr'>quidem</span> <span class='ocrx_word' id='word_1_82' title='bbox 590 2916 784 3035; x_wconf 80' lang='lat' dir='ltr'>admoneat</span> <span class='ocrx_word' id='word_1_83' title='bbox 814 2939 900 2993; x_wconf 89' lang='lat' dir='ltr'>eum</span> <span class='ocrx_word' id='word_1_84' title='bbox 925 2915 1084 2992; x_wconf 86' lang='lat' dir='ltr'>heroicis</span> <span class='ocrx_word' id='word_1_85' title='bbox 1105 2901 1225 2993; x_wconf 88' lang='lat' dir='ltr'>omni·</span> 
     </span>
     <span class='ocr_line' id='line_1_17' title="bbox 420 3038 1225 3164; baseline -0.005 -28"><span class='ocrx_word' id='word_1_86' title='bbox 420 3059 490 3136; x_wconf 87' lang='lat' dir='ltr'>b&#39;us</span> <span class='ocrx_word' id='word_1_87' title='bbox 510 3038 703 3136; x_wconf 81' lang='lat' dir='ltr'>virtdnbus</span> <span class='ocrx_word' id='word_1_88' title='bbox 724 3071 896 3162; x_wconf 86' lang='lat' dir='ltr'>oportere</span> <span class='ocrx_word' id='word_1_89' title='bbox 914 3057 1049 3133; x_wconf 88' lang='lat' dir='ltr'>caeteris</span> <span class='ocrx_word' id='word_1_90' title='bbox 1070 3057 1225 3164; x_wconf 81' lang='lat' dir='ltr'>antecel-</span> 
     </span>
     <span class='ocr_line' id='line_1_18' title="bbox 420 3195 1225 3306; baseline -0.001 -32"><span class='ocrx_word' id='word_1_91' title='bbox 420 3197 503 3276; x_wconf 88' lang='lat' dir='ltr'>lere.</span> <span class='ocrx_word' id='word_1_92' title='bbox 552 3199 722 3280; x_wconf 84' lang='lat' dir='ltr'>Praeterea</span> <span class='ocrx_word' id='word_1_93' title='bbox 754 3199 967 3300; x_wconf 86' lang='lat' dir='ltr'>sceptrum,</span> <span class='ocrx_word' id='word_1_94' title='bbox 1008 3199 1150 3298; x_wconf 82' lang='lat' dir='ltr'>justitia</span> <span class='ocrx_word' id='word_1_95' title='bbox 1165 3301 1168 3306; x_wconf 15' lang='grc' dir='ltr'>Ι</span> <span class='ocrx_word' id='word_1_96' title='bbox 1185 3195 1225 3273; x_wconf 83' lang='lat' dir='ltr'>dc</span> 
     </span>
    </p>
   </div>
   <div class='ocr_carea' id='block_1_4' title="bbox 418 3337 1356 3441">
    <p class='ocr_par' dir='ltr' id='par_1_5' title="bbox 418 3337 1356 3441">
     <span class='ocr_line' id='line_1_19' title="bbox 418 3337 1356 3441; baseline 0.002 -25"><span class='ocrx_word' id='word_1_97' title='bbox 418 3337 666 3441; x_wconf 84' lang='lat' dir='ltr'>undecunque</span> <span class='ocrx_word' id='word_1_98' title='bbox 683 3342 888 3441; x_wconf 86' lang='lat' dir='ltr'>incorrupti</span> <span class='ocrx_word' id='word_1_99' title='bbox 906 3339 1061 3440; x_wconf 73' lang='lat' dir='ltr'>pauoris</span> <span class='ocrx_word' id='word_1_100' title='bbox 1080 3338 1226 3439; x_wconf 84' lang='lat' dir='ltr'>symbo-</span> <span class='ocrx_word' id='word_1_101' title='bbox 1353 3358 1356 3365; x_wconf 89' lang='grc'><strong>’</strong></span> 
     </span>
    </p>
   </div>
   <div class='ocr_carea' id='block_1_5' title="bbox 419 3473 1225 3585">
    <p class='ocr_par' dir='ltr' id='par_1_6' title="bbox 419 3473 1225 3585">
     <span class='ocr_line' id='line_1_20' title="bbox 419 3473 1225 3585; baseline 0.006 -29"><span class='ocrx_word' id='word_1_102' title='bbox 419 3473 511 3558; x_wconf 84' lang='lat' dir='ltr'>lum.</span> <span class='ocrx_word' id='word_1_103' title='bbox 553 3476 743 3562; x_wconf 86' lang='lat' dir='ltr'>Postremo</span> <span class='ocrx_word' id='word_1_104' title='bbox 771 3505 974 3585; x_wconf 89' lang='lat' dir='ltr'>purpuram</span> <span class='ocrx_word' id='word_1_105' title='bbox 996 3481 1138 3561; x_wconf 84' lang='lat' dir='ltr'>eximiae</span> <span class='ocrx_word' id='word_1_106' title='bbox 1160 3503 1225 3561; x_wconf 87' lang='lat' dir='ltr'>cu·</span> 
     </span>
    </p>
   </div>
   <div class='ocr_carea' id='block_1_6' title="bbox 0 0 1637 4775">
    <p class='ocr_par' dir='ltr' id='par_1_7' title="bbox 0 0 1637 4775">
     <span class='ocr_line' id='line_1_21' title="bbox 0 0 1637 4775; baseline 0 0"><span class='ocrx_word' id='word_1_107' title='bbox 0 0 1637 4775; x_wconf 95' lang='lat' dir='ltr'> </span> 
     </span>
    </p>
   </div>
  </div>
 </body>
</html>
