3259 4775
608 792 937 835 m

371 895 526 1003 poffunt
588 896 705 979 Porro
733 899 932 978 nonnullos
961 896 1051 978 adeo
1081 918 1172 1001 prae-

371 1025 512 1126 postere
535 1022 720 1122 religiosos
742 1023 890 1112 videas,
928 1037 970 1103 ut
1002 1024 1059 1101 vel
1089 1050 1171 1124 gra-

370 1147 505 1229 viffima
532 1151 570 1224 in
595 1147 777 1226 Christum
804 1151 961 1226 convitia·
984 1132 1103 1226 ferant
1120 1153 1170 1227 ci-

371 1277 468 1362 tius,
492 1296 602 1374 quam
634 1271 845 1374 pontificem
877 1287 940 1350 aut
968 1276 1170 1376 principem

370 1396 543 1476 levissimo
556 1402 642 1497 joco
654 1397 809 1499 aspergi,
829 1397 1019 1498 praesertim
1039 1397 1171 1501 srquid

370 1553 459 1618 προς
480 1551 527 1598 τι
549 1526 689 1616 annun
711 1525 838 1600 attinet
869 1519 957 1615 (k).
1000 1521 1048 1600 At
1072 1526 1170 1600 enim

371 1650 436 1750 qui
457 1650 546 1725 vitas
568 1646 763 1726 hominum
781 1651 831 1724 ita
849 1661 970 1736 taxat,
998 1662 1039 1726 ut
1054 1651 1170 1726 nerni-

370 1797 458 1850 nem
486 1776 641 1852 omnino
679 1773 892 1873 perstringat
930 1775 1168 1862 nominatim,

372 1896 490 1996 quaeso
520 1910 647 1973 utrum
670 1899 700 1971 is
724 1897 893 1974 mordere
920 1899 1090 1983 videtur,
1124 1921 1171 1973 an

309 2042 312 2047 ’
373 2019 506 2095 docere
534 2022 691 2115 potius,
729 2043 771 2094 ac
802 2021 988 2096 monere?
1023 2019 1173 2119 Alioqui

312 2229 320 2246 „
376 2155 470 2242 quot
490 2140 639 2217 obsecro
661 2137 871 2219 nominibus
889 2142 960 2241 ipse
980 2166 1039 2218 me
1056 2143 1170 2220 taxo?

371 2263 545 2344 Praeterea
574 2266 639 2364 qui
667 2263 810 2341 nullum
833 2265 1027 2344 hominum
1054 2291 1170 2366 genus

244 2410 249 2415 ’
302 2374 306 2380 ’
346 2381 351 2384 ’
371 2391 678 2492 praetermittit,'is
693 2389 784 2466 nulli
794 2388 958 2479 homini,
980 2395 1073 2471 vitiis
1089 2418 1171 2470 orn-

371 2516 480 2593 nibus
498 2518 607 2593 iratus
626 2514 777 2591 videtur.
831 2511 1058 2619 Ergosrqui‘s
1079 2521 1171 2597 exti-

371 2642 476 2727 terit,
501 2642 566 2739 qui
595 2638 662 2715 sese
692 2639 813 2717 laesum
843 2641 1028 2731 clamabit,
1056 2647 1085 2721 is
1108 2657 1170 2721 aut

373 2763 627 2842 conscientiam
647 2764 779 2863 prodet
807 2765 938 2856 suam,
981 2782 1044 2845 aut
1074 2783 1169 2845 certe

374 2901 525 2965 metum.
576 2886 676 2965 Lufit
706 2889 781 2967 hoc
812 2894 851 2975 in
883 2916 1015 2989 genere
1049 2892 1168 2969 multo

328 3097 338 3106 ς
375 3020 437 3096 (k)
455 3026 513 3082 Hoc
523 3026 581 3081 loco
594 3028 675 3087 vrrba
692 3028 802 3093 Latirra,
815 3046 872 3098 quae
883 3029 912 3083 in
924 3030 1015 3084 limine
1030 3029 1169 3098 marginali

442 3112 548 3168 fuerant
563 3088 671 3183 ascripta
689 3112 773 3169 nescio
791 3114 849 3183 quis
868 3115 994 3169 retulerat
1012 3115 1041 3169 in
1062 3122 1170 3169 contex-

441 3208 509 3253 tum.
545 3198 591 3252 Est
607 3208 696 3253 autem
707 3195 804 3252 nitrum
821 3202 870 3270 ¹¹⁰9
886 3198 955 3265 apud
971 3198 1169 3267 Aristophanem

442 3284 472 3335 in
487 3282 615 3338 Nebulir:
635 3289 671 3343 Tt
687 3284 723 3353 iit
737 3283 768 3351 μ’
784 3281 923 3347 ωωελεσεσ’
940 3284 961 3341 οἱ
974 3283 1063 3355 §visunt
1077 3290 1185 3356 nentri·

443 3379 555 3428 αλΦιτα.
590 3368 620 3422 Id
632 3366 682 3421 est:
700 3368 774 3437 ,Quid
791 3378 873 3421 autem
890 3369 953 3421 mihi
970 3368 1103 3435 proderunt
1124 3384 1169 3419 nu-

444 3453 507 3501 meri
520 3453 556 3503 acl
563 3454 686 3517 farinas?
703 3453 799 3509 Farina
820 3454 951 3516 vivimus,
970 3452 1040 3505 unde
1057 3452 1124 3519 quod
1138 3450 1181 3531 ad·

382 3590 385 3597 ,
420 3544 424 3550 ·
444 3532 534 3587 cibum
548 3536 692 3591 novitium
709 3540 826 3599 attinet,
857 3538 889 3591 ad
913 3536 1013 3591 farinas
1037 3537 1170 3604 pertinere

444 3618 558 3687 dicitnr,
576 3623 646 3688 quod
660 3621 740 3691 vulgo
755 3622 847 3677 dicunt
862 3622 891 3676 de
899 3635 962 3691 pane
976 3622 1098 3676 lucrando.
1135 3619 1167 3676 l.
