3259 4775
465 848 526 932 Ὧδ’
667 854 688 900 -’
739 873 771 928 u
797 869 829 930 si
851 870 872 930 Ρ
895 837 1013 932 1132}

307 1064 310 1087 ,
407 1044 416 1056 e
481 1081 491 1098 ,
552 993 693 1086 Genuit
727 1023 879 1099 autem,
924 1034 970 1086 ne
1001 1009 1092 1112 quid
1126 1013 1250 1091 erretis
1257 1021 1275 1104 ,“

469 1173 550 1230 non
567 1150 860 1253 Aristophanicus
880 1151 940 1228 ille
951 1151 1098 1267 Plutus,
1125 1157 1183 1253 (g)
1199 1153 1274 1252 jam

369 1261 400 1295 d*
463 1290 665 1395 uapularis,
692 1295 766 1392 jam
780 1272 1131 1395 oculiseaptussssed
1152 1319 1273 1396 quon-

392 1502 396 1513 ,
467 1426 554 1511 dum
575 1437 718 1534 integer
739 1433 860 1512 adhuc
884 1434 1088 1536 calidusque
1109 1437 1268 1532 juventa,

467 1599 589 1678 neque
619 1579 767 1674 juventa
798 1567 947 1662 solutis,
991 1599 1120 1650 verum
1150 1575 1271 1654 multo

461 1721 583 1815 magis
600 1717 760 1827 nedum,
787 1713 990 1816 quod'tum
1010 1716 1106 1793 forte
1124 1719 1163 1792 in
1185 1717 1270 1794 deo·

461 1839 550 1935 tum
571 1861 742 1936 convivio
759 1857 894 1956 largius
918 1881 959 1935 ac
984 1859 1161 1935 meracius
1179 1857 1271 1936 hau·
1390 1847 1393 1858 ’

464 1997 555 2076 serat
585 1994 657 2091 (h).

455 2151 459 2156 ’
556 2137 674 2234 Quod
705 2137 733 2216 fi
760 2137 888 2218 locuni
919 2153 1071 2240 quoque
1111 2139 1267 2219 natalem

416 2322 420 2332 ·
461 2283 666 2382 requiritis,
697 2279 998 2380 quandoquidem
1017 2279 1055 2355 id
1077 2280 1189 2360 hodie
1207 2279 1266 2356 vel

459 2422 628 2522 'inprimis
640 2420 686 2497 ad
697 2418 932 2522 ,nobilitatem
943 2419 1105 2497 intercise
1119 2435 1261 2521 putant,

461 2586 541 2663 quo
556 2560 647 2638 loco
666 2563 805 2662 primos
825 2561 977 2639 edideris
997 2550 1163 2661 vagitus}
1190 2586 1264 2662 ego

461 2703 581 2781 necin
594 2706 741 2781 erratica
759 2702 878 2792 Delo,
908 2699 973 2801 (i)
992 2680 1062 2781 uec
1072 2706 1111 2781 in
1120 2703 1264 2785 undoso

461 2847 573 2933 mari,
595 2869 664 2923 nec
683 2842 759 2938 (k)
773 2872 802 2921 εν
821 2855 1172 2942 σπεσσιγλαιφυρωσι
1183 2846 1263 2925 sum

461 2981 520 3056 (g)
539 2984 677 3054 eapnlares
691 2975 814 3041 dicuntur
834 2976 905 3039 senes
922 2985 1055 3052 decrepiti.
1086 2985 1162 3040 Talis
1174 2992 1261 3041 autea

455 3106 459 3113 ·
531 3071 662 3126 inducitur
678 3070 770 3125 Plutus
787 3072 855 3137 apud
873 3069 1077 3137 Aristophanem.
1123 3071 1155 3125 L.

460 3153 522 3228 (h)
540 3155 593 3210 Hic
614 3164 689 3211 natus
706 3155 759 3211 fuit
778 3155 874 3223 Apollo
889 3172 950 3209 cum
967 3151 1012 3209 i'ua
1027 3152 1138 3218 sorores
1149 3170 1260 3224 quorum

477 3257 480 3262 ·
527 3240 653 3316 beneficio
676 3240 759 3295 insula
783 3242 855 3307 prius
885 3240 991 3294 fluitans
1015 3240 1092 3307 coepit
1118 3238 1260 3297 immobilis

511 3325 585 3382 effe.
622 3326 655 3384 L.

459 3413 512 3485 (i)
532 3413 600 3467 Nam
615 3413 676 3467 hinc
690 3409 797 3479 fingitur
815 3416 875 3463 nata
893 3408 991 3465 Venus.
1035 3409 1067 3464 L.

456 3495 523 3568 (k)
546 3499 577 3553 Id
596 3497 654 3553 est:
684 3497 718 3551 In
725 3496 844 3565 specubus
863 3496 942 3561 cavei.
977 3494 1022 3551 Est
1041 3496 1091 3551 hoc
1112 3512 1214 3553 carmen
1229 3495 1259 3553 in

527 3585 614 3650 prims
640 3578 741 3653 Odyffeae
764 3580 856 3649 libro,
885 3588 943 3638 tum
961 3581 1025 3639 alias
1044 3583 1173 3641 crebrum·
1189 3578 1259 3652 apud

525 3666 679 3724 Homerum.
714 3669 747 3726 L.
846 3682 849 3695 ’
