3259 4775
600 870 998 962 artemon?
1140 889 1187 966 u
1308 920 1310 930 ι

389 1031 517 1108 attinet
540 1031 614 1106 mei
644 1028 744 1105 velut
769 1031 936 1107 umbram
962 1042 1070 1130 atque
1101 1029 1190 1104 ima-

313 1188 319 1198 ·
390 1175 516 1271 ginem
565 1167 729 1247 finitione
775 1171 1057 1272 repraesentare,
1104 1193 1190 1264 cum

359 1286 361 1289 ⁵
388 1312 502 1412 ipsam
532 1335 592 1387 me
613 1333 738 1392 coram
764 1310 952 1410 praesentes
982 1309 1191 1410 praesentem

390 1451 508 1530 oculis
542 1450 791 1529 intueamini?
832 1449 921 1530 Sum
949 1454 1106 1538 etenim,
1134 1451 1190 1528 uti

390 1590 544 1678 videtis,
585 1611 667 1666 vera
689 1589 748 1668 illa
765 1590 931 1689 largitrix
952 1619 1055 1680 εαων,
1081 1615 1192 1692 quam

271 1802 274 1820 ,
390 1731 512 1810 Latini
549 1729 837 1820 sennenn,
882 1729 1000 1810 Graeci
1031 1746 1192 1814 Munati

390 1870 582 1973 appellant

467 2012 690 2113 Quanquam
707 2013 796 2114 quid
823 2012 882 2090 vel
907 2011 982 2090 hoc
1007 2035 1100 2111 opus
1117 2023 1193 2088 erat
1293 2109 1297 2120 ι

395 2151 535 2241 dicere,
565 2150 664 2269 quast
685 2175 762 2228 non
787 2151 863 2252 ipso
889 2176 936 2228 ex
965 2151 1070 2228 vultu
1092 2152 1192 2228 fron-

393 2273 538 2396 teque,
581 2291 684 2396 quod
716 2295 848 2404 ajunt,
888 2291 967 2369 satis
1006 2313 1086 2394 quoe
1127 2291 1193 2368 sun

390 2421 549 2537 prame
574 2436 708 2523 feram,
743 2449 806 2514 aut
835 2432 932 2541 quast
960 2432 987 2511 fi
1015 2437 1095 2535 quis
1132 2459 1193 2511 me
1245 2517 1249 2526 ,

379 2554 628 2663 Minervam,
659 2588 721 2652 aut
747 2574 922 2674 Sophiam
951 2572 1016 2651 effe
1042 2588 1193 2651 conten-

397 2717 477 2803 dat,
500 2697 583 2791 'non
594 2714 710 2791 statim
723 2712 801 2789 solo
820 2712 925 2817 poffit
938 2718 1071 2797 obtutu
1091 2740 1194 2795 coar-

395 2861 493 2956 gui,
535 2851 697 2932 etiamst
729 2852 828 2937 nulla
866 2855 1010 2937 accedat
1047 2861 1164 2935 oratio
1178 2863 1195 2945 ,‘

395 3000 548 3074 minime
570 2994 728 3073 mendax
745 2998 855 3078 animi
867 2994 1061 3097 speculum.
1098 2997 1195 3076 Nul-

392 3138 452 3217 lus
465 3138 631 3240 apudme
646 3139 737 3216 fucis
748 3138 863 3227 locus,
880 3161 948 3214 nec
967 3136 1062 3227 aliud
1075 3137 1194 3214 fronte

397 3277 551 3369 fimulo,
579 3279 675 3358 aliud
693 3282 732 3369 in
749 3280 894 3381 pedore
912 3302 1050 3379 premo.
1088 3278 1195 3355 Sum-

398 3445 470 3520 que
485 3423 558 3495 mei
572 3420 733 3521 undique
750 3419 937 3508 fimillima,
959 3416 1050 3509 adeo
1071 3432 1113 3495 ut
1127 3440 1194 3493 nec

398 3562 505 3640 iime
525 3558 735 3641 diffimulare
759 3558 912 3665 poffint,
945 3559 1010 3661 qui
1037 3558 1194 3637 maxime
