3259 4775
482 868 554 943 350
736 866 773 931 M
797 864 829 923 Ω
856 866 917 923 Η
939 861 969 921 Α
990 863 1020 920 Σ

479 1012 521 1063 ac
537 986 691 1062 fortior:
726 984 842 1087 quue
877 987 952 1063 hoc
983 987 1088 1063 faciet
1115 984 1286 1075 facilius,'

479 1129 611 1227 partim
642 1126 846 1227 quodiam
872 1126 1037 1205 velutin
1067 1126 1132 1205 suo
1162 1152 1288 1227 tegno

481 1268 551 1353 est,
577 1270 708 1367 partim
727 1268 829 1368 quod
845 1270 919 1365 jam
941 1268 1033 1345 olim
1050 1272 1088 1373 iri
1109 1271 1181 1345 vita
1199 1293 1285 1346 cor-

479 1430 583 1506 pus,
622 1405 667 1482 ad
685 1406 892 1505 hujusmodi
925 1410 1284 1487 transformationem·

353 1524 357 1531 ⁸
480 1550 703 1649 repurgato,
732 1563 841 1649 atque
873 1553 1084 1627 extenuatio
1107 1622 1112 1629 ,
1135 1542 1287 1628 Deinde

360 1753 362 1763 .
479 1688 620 1788 spiritus
640 1713 661 1763 a
679 1700 801 1765 mente
819 1690 879 1767 illa
898 1692 1035 1768 summa
1055 1679 1146 1767 mire
1161 1690 1286 1767 absor-

481 1830 650 1917 bebitur,
678 1834 813 1929 quippe
846 1830 992 1936 infinitis
1022 1832 1181 1931 partibus
1210 1853 1284 1929 po-

481 1972 646 2046 tentiore.
698 1969 751 2047 lta
774 1985 817 2048 ut
834 1972 908 2067 jam
927 1985 1027 2048 totus
1041 1971 1159 2048 homo
1180 1983 1284 2047 extra

482 2110 516 2187 se
536 2112 678 2188 futurus
699 2109 764 2200 fit,
792 2106 861 2189 nec'
880 2112 945 2189 alia
964 2115 1104 2189 ratione
1119 2110 1207 2188 felix
1223 2112 1284 2190 fu·

483 2243 606 2341 turne,
631 2250 696 2329 nifi
714 2252 817 2353 qood
834 2268 938 2329 extra
957 2253 1024 2361 sese
1039 2251 1195 2353 postus,
1217 2277 1283 2351 pa-

482 2399 591 2474 tietur
618 2393 791 2496 quiddam
815 2394 992 2472 ineffabile
1012 2419 1032 2469 a
1050 2395 1191 2472 summo
1211 2393 1279 2470 illo

482 2537 610 2622 bono,
636 2539 759 2612 omnia
784 2538 822 2608 in
844 2534 877 2610 se
897 2539 1067 2633 rapiente.
1082 2535 1088 2539 ’
1105 2533 1187 2637 Jam
1203 2534 1283 2612 haec

482 2675 630 2751 felicitas
644 2695 851 2774 quanquam
868 2687 950 2750 tum
965 2673 1114 2753 demum
1129 2674 1286 2780 perfetta

482 2818 688 2914 contingit,
716 2838 801 2891 cum
822 2817 934 2892 animi
952 2811 1103 2916 receptis
1127 2792 1282 2928 pristinie

484 2959 719 3058 corporibus,
747 2924 1015 3033 immortalitate
1023 2957 1256 3036 donabuntur
1267 2982 1283 3036 :-

441 3121 443 3128 ’
484 3070 624 3177 Temen
643 3103 817 3200 quoniam
836 3083 985 3198 'piorum
999 3101 1069 3176 vita
1080 3098 1169 3176 nihil
1183 3096 1281 3176 atiud

394 3311 397 3318 .
457 3243 552 3329 est,
581 3239 794 3342 quantillius
807 3242 887 3318 vitae
896 3207 1101 3325 meditatio,
1128 3238 1285 3359 acpelut

483 3381 611 3462 umbra
630 3380 814 3488 quedam,
852 3378 892 3458 fit
913 3394 956 3461 ut
972 3381 1111 3484 premii
1130 3402 1287 3484 quoque
