3259 4775
569 850 973 950 nrannaom'
1128 885 1175 962 w

366 1021 502 1116 stulta,
530 1014 787 1131 quamcunque
814 1028 1003 1129 personam
1021 1025 1175 1105 induxe-

373 1172 430 1247 rit.
471 1169 604 1289 Neque
623 1195 712 1248 vero
722 1169 916 1249 mulierum
933 1193 1048 1268 genus
1062 1167 1176 1270 usque

372 1308 466 1386 adeo
486 1310 635 1388 stultum
659 1313 842 1398 arbitror,
869 1325 913 1388 ut.
933 1334 1012 1386 eam
1023 1311 1177 1388 obfrem
1220 1421 1226 1428 Ι

370 1448 720 1540 mihisuccenseant‘²
746 1451 850 1552 quod
863 1451 932 1530 illis
948 1452 985 1528 &
1004 1450 1074 1550 ipsa
1093 1473 1176 1530 mu·

372 1590 456 1678 lier,
485 1591 754 1670 &Samum
771 1592 956 1670 stultitiam
969 1592 1171 1668 attribuam.

371 1727 561 1809 Etenimfi
583 1759 660 1812 rem
682 1734 776 1812 ressa
802 1748 972 1836 reputent
999 1735 1076 1820 via,
1101 1731 1175 1810 hoc

371 1871 487 1971 ipsum
510 1871 675 1950 Stultitia
700 1875 835 1951 debent
855 1889 1045 1976 acceptum
1067 1874 1172 1958 serre,

371 2011 476 2111 quod
497 2010 566 2086 snat
588 2015 673 2088 viris
694 2014 819 2089 multis
844 2016 988 2090 calculis
1012 2015 1176 2089 fortuna-
1314 2003 1319 2010 ’

372 2137 511 2226 τίοτεᾩ
537 2149 702 2227 Primum
719 2151 847 2227 sormae
868 2141 1038 2249 gratiam,
1066 2173 1176 2250 quam

370 2289 441 2366 illae
460 2293 594 2368 merito
609 2292 718 2368 rebus
736 2292 909 2368 omnibus
932 2303 1170 2392 anteponunt,

373 2431 547 2533 cujusque
566 2430 778 2532 praefidioin
793 2446 969 2535 tyrannos
992 2435 1100 2509 etiam
1119 2435 1175 2533 ip.

370 2570 427 2649 sos
437 2570 666 2675 tyrannidem
680 2587 859 2655 exercent
904 2573 1054 2677 Alioqui
1074 2574 1174 2652 unde

370 2691 456 2789 nam
476 2714 609 2792 horror
634 2715 695 2791 ille
720 2716 874 2804 formae,
896 2715 1032 2825 hispsda
1056 2719 1170 2803 cutis,

371 2856 411 2930 &
433 2856 550 2932 barbae
571 2855 697 2956 sylva,
734 2856 841 2957 plane
859 2856 965 2933 senile
986 2857 1174 2957 quoddam

371 2998 412 3071 in
433 2998 548 3084 viro,
585 2994 650 3072 nisi
672 3023 693 3075 a
715 2997 916 3098 prudentiae
943 2999 1055 3085 vitio,
1085 3020 1173 3074 cum

371 3138 608 3215 foeminarum
636 3137 773 3238 semper
800 3138 906 3213 laeves
925 3134 1054 3225 malae,
1095 3156 1173 3211 vox

369 3274 509 3375 semper
520 3276 642 3365 exilis,
658 3282 750 3356 cutis
762 3276 967 3363 mollicula,
983 3275 1078 3377 quasa
1093 3300 1174 3373 per-

370 3427 519 3515 petuam
559 3419 741 3518 quandam
780 3390 1054 3494 adolescentiam
1093 3415 1175 3487 imi·

375 3554 524 3636 tentus?
558 3555 703 3637 Deinde
733 3557 824 3661 quid
854 3556 951 3637 aliud
983 3566 1111 3659 optant
1135 3556 1174 3631 in
1305 3536 1309 3559 ’
