3259 4775
593 849 984 924 raxanron
1116 831 1193 933 rw

384 1001 461 1058 ror.
503 973 609 1054 Nihil
632 979 730 1054 enim
746 975 844 1100 aliud
857 974 1195 1081 Phssaura„quam

383 1143 477 1198 cum
496 1123 577 1220 quis
595 1119 667 1220 ipse
688 1116 753 1196 fibi
771 1117 945 1220 palpatur.
972 1117 1080 1198 Idem
1099 1115 1126 1198 fi
1143 1119 1194 1199 al·

261 1358 265 1362 .
382 1265 458 1342 teri
474 1262 600 1349 facias,
622 1273 772 1338 mmm
791 1259 908 1338 fuerit„
935 1257 987 1338 At
1006 1259 1118 1341 hodie
1136 1285 1195 1340 res

387 1403 556 1504 quaedam
574 1403 715 1480 infamis
732 1403 783 1478 est
801 1400 982 1488 adulatio,
1018 1402 1078 1480 sed
1096 1399 1195 1504 apud

381 1567 476 1631 ceos,
494 1547 560 1645 qui
577 1567 698 1623 rerum
717 1542 904 1621 vocabulis
922 1544 1059 1642 magis,
1081 1566 1197 1644 quam
1242 1546 1244 1550 ’

381 1687 495 1770 rebus
524 1683 605 1786 ipfis
632 1699 926 1767 commoventur.
980 1681 1196 1782 Existimant

381 1851 476 1904 cum
506 1827 714 1906 adulatione
733 1827 844 1904 fidem
871 1820 965 1904 male
989 1823 1196 1904 cohaerere:

382 1965 492 2066 ¹quod
511 1965 630 2044 multo
648 1968 747 2046 secus
765 1967 833 2044 sese
852 1966 1005 2056 habere,
1035 1967 1094 2044 vel
1107 1968 1195 2043 bru·

383 2111 515 2180 toruni
546 2109 785 2184 animantium
818 2108 994 2204 exemplis
1025 2117 1197 2204 poterant
1357 2112 1359 2118 '

382 2226 587 2328 admoneri.
617 2243 720 2339 Quid
742 2247 842 2321 enim
862 2267 951 2324 cane
963 2243 1195 2326 adulantius?

380 2383 437 2466 At
468 2385 610 2465 rursum
626 2385 715 2489 quid
730 2383 874 2465 fidelius
891 2385 907 2462 2
926 2394 931 2402 ’
947 2384 1051 2481 Quid
1077 2385 1196 2467 sciuro

383 2528 581 2621 blandius?
618 2530 667 2607 At
684 2528 760 2606 hoc
778 2528 869 2631 quid
889 2530 940 2607 est
959 2529 1102 2607 homini
1118 2554 1195 2609 ma·

382 2675 443 2772 gis
470 2674 629 2751 amicum
649 2671 665 2747 ?
700 2668 778 2761 N'rfi
804 2670 901 2749 forte
916 2672 975 2750 vel
990 2672 1101 2774 asperi
1116 2670 1194 2751 leo-

380 2840 478 2902 nes,
505 2813 564 2890 vel
584 2815 741 2889 immites
762 2815 898 2911 tigres“²
928 2812 986 2890 vel
1006 2813 1194 2893 irritabiles

384 2953 491 3057 'pardi
512 2958 628 3055 magis
649 2953 695 3032 ad
713 2954 1031 3033 vitamhominum
1051 2954 1193 3035 condu-

382 3122 470 3175 ,τετε
486 3095 665 3175 videntur.
710 3094 933 3197 Quanquam
961 3094 1012 3173 est
1035 3100 1192 3177 omnim

379 3238 586 3337 „perniciosa
606 3240 770 3341 quaedam
790 3237 972 3326 adulatio,
1004 3262 1076 3340 qua
1095 3262 1190 3316 non-

384 3375 480 3462 nulli
507 3374 685 3478 perfidiofi
713 3382 751 3457 ἃ
767 3380 948 3469 irrisores,
986 3380 1132 3457 miseros
1151 3382 1190 3456 in

386 3518 586 3627 perniciem
607 3520 771 3619 adigunt.
818 3519 962 3619 Verum
982 3516 1061 3602 haec
1081 3542 1186 3618 mea,
