3259 4775
860 838 1008 914 344
1388 837 1463 930 Μ
1507 840 1570 895 n
1611 843 1653 895 ι»
1702 833 1734 897 1
1780 837 1836 895 A
1876 838 1937 897 z
1971 871 2012 917 ·.

856 960 1086 1037 stibus
1127 960 1395 1046 animi,
1449 960 1744 1061 quidam
1780 961 1941 1060 plus
1978 958 2248 1037 habent
2278 957 2453 1040 cuni

852 1103 1113 1201 pingui
1158 1125 1467 1202 corpore
1516 1104 1973 1189 commercii,
2028 1101 2253 1178 veluti
2290 1101 2457 1178 libi-
2495 1098 2509 1105 ’

853 1242 980 1329 do,
1022 1244 1164 1319 cibi
1184 1241 1561 1343 somnique
1595 1246 2024 1342 appetentia,
2055 1243 2449 1347 iracundia,
2548 1263 2560 1272 ·

855 1379 1203 1483 superbia,
1238 1382 1537 1459 invidia:
1574 1409 1745 1461 cum
1765 1383 1872 1459 his
1890 1384 2447 1459 irreconciliabi-

850 1520 922 1601 le
946 1524 1220 1601 bellum
1239 1526 1414 1624 piis,
1480 1540 1732 1603 contra
1753 1524 2015 1637 vulgus
2042 1522 2188 1609 fine
2217 1523 2329 1599 his
2350 1525 2457 1599 vi-
2568 1567 2573 1570 -

852 1679 1004 1743 tam
1031 1664 1162 1741 effe
1184 1689 1334 1742 non
1357 1681 1599 1766 putat.-
1668 1661 1958 1743 Deinde
1977 1663 2137 1741 sunt
2158 1664 2459 1763 quidam

850 1806 1141 1885 aflestus
1190 1806 1450 1892 medii,
1529 1804 1866 1905 quasique
1909 1804 2302 1892 naturales,
2370 1805 2486 1884 ut'

851 1970 1062 2024 amor
1081 1948 1322 2053 patris?
1365 1945 1663 2023 charitas
1690 1950 1765 2022 iu
1785 1948 2073 2033 liberos,
2099 1950 2174 2022 in
2202 1970 2456 2047 paren-

852 2102 961 2166 tes
981 2143 1002 2176 ,
1048 2090 1125 2162 in
1153 2090 1460 2183 amicos:
1515 2086 1651 2165 His
1683 2087 1945 2187 vulgus
1972 2087 2307 2191 nonnihil
2330 2089 2454 2163 tri-

850 2230 1031 2309 buit.
1072 2228 1169 2305 At
1192 2229 1294 2305 illi
1313 2230 1449 2307 hos
1473 2255 1772 2330 quoque
1795 2230 2080 2308 student
2099 2254 2191 2306 ex
2209 2232 2455 2306 animo
2526 2338 2533 2344 -

851 2371 1212 2458 revellere,
1249 2369 1751 2483 nisi-quatenus
1774 2371 1863 2448 ad
1885 2371 2239 2448 summam
2261 2369 2456 2448 illam

785 2554 793 2561 -
853 2515 1076 2589 animi
1114 2526 1394 2611 partem
1448 2509 1843 2607 assurgant,
1896 2527 1981 2587 ut
2024 2515 2170 2606 jam
2201 2537 2459 2610 paren-

762 2729 766 2733 ,
847 2663 1005 2763 tem
1059 2631 1349 2736 amentss
1427 2672 1584 2725 non
1640 2647 1986 2749 tanquam
2035 2665 2453 2751 parentem,
2518 2723 2528 2743 ,

985 2787 1204 2858 plenum
1227 2787 1362 2854 olei,
1398 2785 1773 2843 forte-fortuna
1789 2785 2073 2856 astantem,
2112 2790 2350 2858 vidifl'et,
2387 2808 2457 2849 ex
2525 2851 2533 2858 ,

988 2890 1049 2928 eo
1087 2872 1258 2938 bibit,
1298 2891 1403 2928 non
1432 2871 1657 2928 sentiens
1693 2875 1870 2928 oleum
1904 2873 2021 2929 effe.
2079 2875 2282 2952 Deinde
2334 2893 2455 2932 cum

987 2961 1202 3033 quidam
1227 2959 1412 3016 Frater
1455 2977 1575 3015 eum
1616 2957 1894 3019 acceffiss‘et
1914 3000 1932 3027 ‚
1970 2961 2324 3031 rogaffetque,
2359 2979 2458 3017 cur

987 3063 1109 3103 nam
1134 3063 1219 3112 os,
1257 3063 1377 3099 nam
1391 3047 1560 3099 adhuc
1574 3064 1681 3101 non
1698 3047 1945 3100 nihilolei
1972 3048 2049 3101 ori
2066 3056 2348 3118 mentoque
2366 3050 2457 3101 ad-

986 3128 1160 3195 haefit‚
1200 3132 1316 3186 olco
1341 3130 1564 3186 oblitum
1583 3130 1828 3196 baberet,
1868 3132 2054 3202 illique
2073 3150 2193 3186 cum
2226 3136 2332 3199 jam
2363 3133 2455 3188 diu'

985 3219 1268 3277 admiratus
1284 3216 1442 3282 effet,
1481 3219 1618 3273 unde
1654 3235 1775 3272 nam
1809 3218 1924 3273 oleo
1959 3219 2261 3287 inquinatus
2292 3217 2455 3283 effet,

985 3305 1231 3358 tandem·
1215 3321 1272 3357 m
1289 3311 1519 3357 mentem
1553 3305 1729 3369 venit,
1768 3305 1903 3371 quod
1941 3321 2005 3356 ex
2030 3304 2275 3357 cantharo
2298 3300 2454 3355 bibis-

985 3386 1079 3444 set.
1125 3389 1310 3457 Itaque
1348 3406 1467 3443 cum
1505 3389 1812 3443 cantharum
1846 3387 2159 3454 inspexiss'et,
2180 3390 2313 3443 vidit
2329 3403 2455 3450 etun

984 3474 1202 3543 plenum
1220 3473 1318 3529 effe
1341 3492 1448 3529 non
1465 3475 1617 3558 vini,
1654 3483 1716 3530 ut
1745 3481 1984 3544 putarat,
2022 3471 2105 3530 sed
2123 3475 2243 3530 olei.
2283 3473 2352 3530 L

2040 3577 2046 3584 ’
2090 3599 2124 3639 m

2989 2772 2999 2791 ·
2985 2117 3019 2701 ᾼᾈΕᾎΜ

2932 4327 2972 4494 Ιν-ῌζ
