3259 4775
471 836 546 918 nt
685 834 1104 903 ·nnr1n2;·

469 964 547 1041 satis
563 956 801 1059 coherentia,
830 961 1197 1066 nechumanornore,
1211 962 1274 1045 sed

470 1100 644 1181 dant-fine
664 1116 785 1180 mente
803 1102 945 1191 sonum,
969 1103 1099 1181 deinde
1120 1104 1272 1187 subinde

468 1259 585 1322 totam
610 1247 682 1321 oris
703 1242 856 1344 speciem
873 1257 1029 1322 vertunt
1070 1245 1183 1324 Nunc
1201 1246 1273 1333 ala.

468 1408 565 1473 cres,
584 1408 684 1463 nunc
696 1382 822 1483 dejeiti
836 1382 925 1477 (f),
943 1410 1042 1463 nunc
1056 1387 1269 1489 lacrymant,

467 1528 725 1615 nuncrident,
745 1550 847 1603 nunc
861 1525 1051 1627 suspirant,
1069 1530 1108 1603 in
1119 1528 1269 1618 summa,

411 1651 413 1663 Α
466 1692 550 1747 vere
571 1669 641 1745 toti
669 1680 770 1745 extra
792 1667 827 1743 se
853 1667 943 1745 sunt
997 1668 1095 1747 Mox
1126 1672 1191 1747 ubi
1223 1668 1272 1748 ad

465 1797 534 1915 sese
551 1807 739 1897 redierint,
764 1782 900 1907 negant
920 1807 955 1885 ie
979 1807 1086 1897 scire,
1109 1811 1175 1885 ubi
1187 1785 1282 1888 fuel

465 1953 561 2039 rint,
586 1964 709 2027 utrum
729 1950 770 2025 ¹in
792 1973 966 2050 corpore,
996 1974 1042 2025 an
1060 1966 1161 2027 extra
1188 1975 1271 2031 cor·
1313 2014 1318 2023 .

465 2107 534 2194 pds
553 2081 571 2181 ,'
602 2092 790 2191 vigilantes
815 2118 861 2168 an
887 2092 1137 2179 dormientes,
1179 2090 1271 2193 quid

467 2234 668 2323 audierint,
692 2234 780 2336 quid
794 2233 969 2319 viderint,
988 2232 1079 2332 quid
1097 2231 1266 2329 dixerint,

465 2376 553 2479 quid
577 2377 763 2464 iecerint,
800 2401 879 2453 non
901 2375 1171 2460 meminerunt,
1202 2367 1270 2452 nist

448 2501 636 2614 ¹tanquam
663 2539 727 2614 per
758 2514 957 2613 nebulam,
997 2515 1266 2606 aesomnium,

462 2619 604 2732 tantum
625 2653 698 2730 hoc
718 2651 884 2728 sciuntse
901 2649 1117 2731 feliciffimos
1135 2652 1267 2752 suffic,

429 2899 438 2908 ,
463 2793 553 2906 durn
577 2798 635 2872 ita‘
650 2791 857 2897 defiperent
887 2794 1013 2897 ltaque
1032 2771 1177 2896 plorant
1197 2796 1266 2889 sese

463 2963 516 3049 (f)
535 2975 613 3033 Hunc
628 2975 714 3032 locum
732 2976 827 3032 melius
851 2976 998 3044 intelligit,
1023 2976 1067 3046 qui
1085 2976 1178 3043 legerit
1195 2962 1265 3031 corni

530 3061 670 3120 nre'ntarios
686 3063 806 3132 origenis
828 3065 856 3115 in
883 3064 982 3118 Cantica
1006 3063 1181 3126 cantieorum,
1199 3079 1267 3130 quo·
1301 3091 1312 3104 ·

529 3150 605 3202 modo
620 3145 708 3216 sponsa
725 3186 733 3213 ‚
753 3164 823 3201 nunc
838 3144 998 3202 subddcente
1014 3146 1039 3201 se
1060 3145 1171 3214 sponso,
1189 3138 1263 3202 nune¹

420 3287 422 3294 ,
530 3232 711 3289 exhibente&
732 3230 770 3288 sui
788 3235 889 3300 copiam
905 3232 1035 3298 faciente,
1051 3233 1124 3286 varie
1137 3231 1264 3293 afficitur,
1280 3295 1293 3307 „

528 3317 597 3374 Item
619 3319 646 3372 in
666 3320 721 3374 vita
744 3315 834 3372 santia
856 3317 997 3374 Elizabetae
1016 3317 1137 3372 nonnihil
1157 3315 1262 3396 hebes,

531 3403 602 3475 qnod
611 3406 642 3464 ad
651 3404 722 3460 hunc
729 3401 810 3460 faciat
821 3402 918 3460 locum.
936 3403 968 3459 L.

1070 3511 1258 3618 refipuiffe‚
