3259 4775
447 899 500 980 42
712 881 1043 962 noeane?

449 1041 548 1120 Cum
580 1021 706 1119 ceteris
733 1042 945 1122 hominibus
978 1055 1060 1121 aetas
1093 1041 1249 1144 pruden‘·

448 1185 539 1277 tiam
560 1181 696 1260 adferre
715 1183 856 1273 soleat,
895 1185 963 1263 hos
994 1209 1070 1287 quo
1096 1188 1248 1285 propius

324 1393 330 1401 ,
450 1323 689 1400 ad'sen'eiiam‘
702 1326 898 1414 accedunt,
927 1323 1001 1403 hoc
1017 1328 1130 1425 magis
1140 1329 1250 1426 atque

449 1467 566 1564 magis
586 1465 795 1544 stultescere.
849 1463 1042 1568 Atquihac
1053 1481 1251 1566 gentenon

449 1590 503 1682 est
518 1605 609 1693 alia,
636 1606 695 1683 vel
721 1607 769 1683 ad·
791 1587 1028 1685 communem
1058 1609 1136 1684 vitae
1163 1631 1252 1684 con·

450 1732 677 1824 suetudinem
708 1747 886 1836 festivior,
926 1747 984 1824 vel
1014 1769 1094 1846 quae
1127 1723 1251 1823 minus

323 1859 327 1885 Ι
449 1886 574 1966 sentiat
591 1885 776 1964 seneclutis
789 1889 975 1982 tristitiam.
1012 1885 1080 1964 His
1097 1881 1252 1987 ‘quidem

450 2042 495 2106 ut
511 2029 631 2116 loco,
671 2022 720 2106 i'ta
744 2031 782 2105 &
805 2033 885 2107 vitae
904 2029 1068 2106 instituto
1092 2025 1253 2105 confines

449 2164 532 2248 sunt
559 2167 734 2251 Hollandi
753 2173 827 2248 mei
841 2167 940 2264 (z),
957 2181 960 2190 ⁴
980 2194 1044 2246 cur
1063 2169 1160 2245 enim
1176 2165 1254 2245 'non

450 2333 555 2388 meos
590 2312 802 2411 appellem,
846 2307 1049 2411 usqueadeo
1080 2292 1253 2385 studiosos

451 2452 525 2525 mei
538 2450 718 2537 cultores,
746 2464 788 2525 ut
806 2449 890 2525 inde
905 2430 1017 2549 vulgo
1042 2470 1253 2549 cognomen

451 2590 700 2668 emeruerint?
720 2592 822 2688 cujus
837 2588 918 2666 illos
932 2588 1023 2666 adeo
1038 2614 1115 2687 non
1126 2588 1250 2691 pudet,

450 2713 495 2807 ut
515 2730 602 2808 hinc
625 2731 683 2806 vel
704 2733 884 2831 praecipue
900 2730 967 2807 sese
989 2732 1156 2829 jaiiitent.
1243 2754 1249 2775 ·

459 2910 463 2918 ·
499 2869 620 2949 Ἐαηῑ
646 2898 747 2951 nunc
773 2844 962 2977 stultiffimi
984 2872 1180 2961 mortales,
1217 2856 1255 2949 δὲ

451 3009 602 3093 Medeae
626 3018 722 3109 (a),
753 3011 899 3101 Circes,
924 3008 1107 3102 Veneres,
1134 3004 1255 3093 Auro*

452 3150 510 3221 (z)
529 3152 565 3208 Et
583 3153 635 3206 haec
654 3148 825 3207 laudatiffima
840 3168 902 3220 gens
919 3152 969 3217 eii,
990 3160 1075 3207 tamen
1096 3151 1129 3207 ob
1153 3150 1252 3218 ingemi

520 3236 729 3307 fimpliciutem
750 3239 776 3291 8r
797 3253 881 3293 mores
903 3239 1010 3292 minime
1034 3236 1152 3301 furatos,
1171 3234 1255 3303 vulgo

514 3321 590 3389 stulti
613 3331 738 3378 uocantur
753 3360 770 3387 „
788 3322 926 3393 proverbio
946 3320 1040 3391 jocoso.
1085 3320 1165 3375 Porro
1178 3318 1254 3393 ¹quod

521 3410 601 3473 dicit,
621 3411 684 3470 mei,
705 3424 756 3461 non
775 3409 807 3461 ad
823 3405 957 3463 Erasmum
978 3409 1023 3477 qui
1038 3406 1186 3461 Hollandus
1201 3404 1253 3472 est,

520 3492 564 3564 sed
577 3496 609 3549 ad
626 3493 748 3550 stultitia
762 3490 896 3563 personam
914 3490 1005 3547 referri
1020 3492 1107 3549 debet.
1143 3492 1175 3547 L.

453 3576 509 3650 (a)
529 3580 623 3634 Medea
648 3578 754 3646 magicis
772 3577 859 3635 herbis
882 3575 983 3633 senibus
1009 3578 1142 3635 revocavit
1161 3578 1254 3643 juven-

521 3674 613 3723 tutem.
651 3665 724 3721 Circe
738 3665 802 3721 item
817 3661 861 3719 sua
874 3663 965 3733 virga,
985 3659 1081 3735 suoque
1090 3661 1183 3733 poculo
1196 3672 1256 3713 ver·
