3259 4775
464 892 534 975 158
625 897 631 920 ‘
723 898 759 957 M
784 898 816 957 rr
839 896 861 957 Ρ
882 900 898 957 r
919 896 946 958 Α
968 900 997 957 Σ

464 1023 600 1123 sapiens
614 1022 818 1109 exoriatur,
839 1020 1067 1123 succinatque
1080 1021 1141 1111 id,
1158 1022 1260 1125 quod

460 1167 516 1242 r'es
536 1163 605 1250 est,
631 1186 708 1239 non
719 1159 810 1245 male
821 1164 975 1262 peribis,
1002 1162 1029 1238 fi
1048 1166 1140 1241 bene
1158 1169 1258 1243 vixe-

460 1307 538 1384 ris:
565 1318 709 1404 peccata
733 1302 900 1391 redimis,
928 1302 962 1379 ‘sr
985 1303 1178 1383 nummulo
1197 1296 1260 1382 id.

460 1442 731 1520 diderisodiu'm
743 1434 1031 1535 malefattorum,
1050 1461 1132 1523 tum
1145 1447 1265 1548 lacry-·
1293 1469 1297 1482 ¹

459 1606 556 1672 mas,
582 1582 741 1683 vigilias,
768 1588 1017 1685 precationes,
1038 1586 1191 1685 jejunia,
1216 1610 1268 1665 ac·

388 1820 396 1837 ¹
442 1713 576 1803 'totam
591 1728 677 1801 rvitae
696 1728 875 1802 rationem
896 1731 1156 1804 commutaris:
1190 1725 1267 1804 Dr,

459 1866 527 1944 ius
540 1864 602 1943 hic
619 1866 685 1943 tibi
699 1864 849 1953 favebit,
874 1863 900 1941 fi
918 1868 1029 1941 vitam
1040 1862 1134 1943 illius
1147 1888 1259 1943 aemu-
1277 1963 1283 1971 ⁴

458 2004 595 2085 laberis.
625 2002 734 2123 Haec3
761 2001 933 2106 inquam',
958 2020 1067 2107 atque
1086 2006 1124 2083 id
1142 2030 1258 2105 genus

458 2148 547 2236 atta,
572 2146 599 2225 fi
627 2127 762 2251 sapien's
792 2144 852 2259 iile
876 2150 1093 2248 obganniat,
1127 2147 1209 2227 vide
1237 2173 1258 2225 a

459 2303 592 2393 quanta
612 2289 777 2367 felicitate
795 2298 944 2391 repente
962 2288 1170 2366 mortalium
1183 2291 1257 2365 ani-

457 2433 604 2509 mosin
625 2455 736 2533 quem
750 2429 952 2508 tumultum
965 2429 1176 2508 retraxerit?
1199 2429 1258 2509 Ad

456 2567 532 2651 hoc
559 2547 757 2670 collegium
781 2557 983 2670 pertinent,
1010 2576 1074 2673 qui
1088 2557 1165 2650 'vivi
1186 2557 1264 2674 qua'

456 2713 591 2792 funeris
621 2735 758 2812 pompa
776 2711 889 2788 veiint
914 2711 1052 2801 efferri,
1079 2727 1154 2790 tam
1177 2710 1265 2792 diii·

397 2907 400 2915 ·
457 2867 585 2950 genter
617 2853 803 2941 statuunt,
840 2866 883 2930 ut
909 2851 1125 2930 nomin'atiin
1148 2855 1258 2930 etiam

457 2971 702 3095 praescribant,
725 3007 819 3096 quot
829 2995 958 3082 taedas,
982 3009 1076 3096 quot
1085 2993 1252 3094 pullatos,

457 3146 552 3236 quot
582 3149 769 3224 cantores,
805 3149 899 3236 quot
924 3136 1041 3213 luttus
1067 3132 1255 3209 histriones

455 3274 568 3352 veiint
598 3274 737 3366 adesse,
765 3276 940 3377 perinde,
965 3267 1070 3374 ‘quati
1091 3272 1256 3351 futurum

412 3465 418 3472 -
454 3413 516 3505 fit,
539 3429 582 3495 ut
601 3417 727 3518 aliquis
746 3416 854 3512 hujus
873 3415 1061 3519 spectaculi
1079 3413 1194 3493 sensus
1210 3411 1257 3494 sd

453 3558 548 3660 ipsos
566 3555 609 3637 fit
628 3558 833 3648 rediturus,
857 3572 919 3640 aut
935 3571 977 3638 ut
987 3554 1257 3662 pudescantde-
