3259 4775
591 872 982 937 ΕΓΚΩΜΙΟΝ
1126 873 1178 949 71

379 1012 469 1110 Quo
488 1014 529 1093 fit
548 1030 591 1093 ut
614 1042 741 1095 omnes
774 1017 879 1095 dotes
903 1073 914 1104 ‚
957 1015 1077 1094 omnis
1109 1014 1182 1091 elec

379 1160 501 1257 gantia
542 1157 727 1259 decorque
769 1162 850 1236 vitae
891 1162 1073 1246 vitietur,
1118 1180 1184 1257 pe-

379 1310 536 1405 reatque.
601 1297 703 1393 Quid
727 1303 825 1377 enim
848 1299 1010 1401 proderit
1036 1299 1177 1385 forma,

379 1441 604 1540 praecipuum
623 1438 794 1518 Deorum
817 1440 1079 1541 immortalium
1101 1464 1183 1516 mu-

343 1557 347 1565 ’
380 1604 480 1669 nuS,
519 1579 545 1657 fi
579 1582 777 1681 putiditatis
827 1583 915 1660 vitio
933 1658 939 1669 ,
958 1584 1186 1659 contamine-

318 1714 320 1719 ’
380 1721 467 1800 tur?
505 1720 609 1817 Quid
641 1726 820 1821 juventa,
861 1721 889 1799 fi
921 1722 1037 1799 senilis
1076 1723 1183 1799 tristi·

381 1866 438 1939 tiae
461 1863 641 1939 fermento
665 1832 920 1963 corrumpatur
944 1863 960 1939 i
1007 1862 1181 1961 Denique

382 2003 472 2102 quid
498 2004 537 2078 in
560 2004 665 2079 omni
682 2005 763 2078 vitae
784 2026 936 2079 munere
955 2002 1014 2077 vel
1034 2016 1180 2092 recum,

383 2140 441 2217 vel
462 2138 559 2239 apud
581 2138 669 2215 alios
693 2139 835 2217 aeturus
867 2166 904 2216 es
934 2164 1022 2217 cum
1046 2140 1184 2217 decoro

383 2282 464 2374 (est
477 2283 575 2357 enim
588 2304 665 2356 non
686 2282 768 2357 artis
781 2280 917 2369 modo,
936 2284 1185 2358 verumetiam
1313 2370 1318 2374 ,

382 2425 502 2501 omnis
514 2399 662 2499 adiouis
672 2435 801 2548 capue,
822 2422 947 2499 decere
963 2423 1066 2524 quod
1081 2433 1184 2521 agas)

382 2562 544 2642 nifiadfit
557 2562 767 2641 dextrahaec
786 2561 982 2652 Philautia'³
1002 2589 1082 2666 quae
1093 2562 1187 2641 mihi

383 2712 516 2786 merito
541 2731 720 2808 germanae
737 2704 787 2782 est
805 2675 909 2782 vice?
934 2705 1026 2781 adeo
1042 2706 1184 2781 strenue

383 2834 480 2930 meai
499 2851 635 2952 ubique
660 2863 776 2954 partes
797 2850 881 2944 agit.
936 2845 1039 2938 Quid
1061 2859 1185 2923 autem

384 3015 486 3097 aeque
507 2993 683 3078 stultum,
719 3002 826 3090 atque
845 2989 912 3063 tibi
931 2983 995 3086 ipsi
1017 2983 1186 3085 placere?-
1302 2980 1304 2985 ’

382 3148 421 3211 te
443 3134 558 3234 ipsum
578 3131 768 3210 admirari?
795 3128 845 3206 m
861 3127 1001 3208 rursum
1020 3129 1108 3228 quid
1122 3151 1187 3202 νε-

273 3348 276 3358 ,
385 3276 552 3386 oustum,
572 3277 664 3379 quid
682 3269 899 3373 gratiosum,
926 3268 1015 3370 quid
1036 3291 1114 3344 non
1130 3272 1187 3342 in-

288 3415 291 3424 ’
386 3389 563 3490 decorum
583 3420 668 3500 erit,
698 3412 800 3514 quod
826 3433 929 3508 agas,
951 3406 1029 3506 ‚ipse
1051 3389 1185 3482 tibidi-¹

383 3553 566 3657 splicens?
592 3553 700 3632 Tolle
715 3517 885 3630 hoc'vitae
907 3547 1185 3627 condimentum
1286 3572 1289 3581 ·
