3259 4775
472 870 498 946 2
735 883 1000 948 norrun

472 1044 583 1125 quam
600 1019 708 1101 'male
744 1027 865 1106 audiat
902 1027 1122 1106 Saurrrmn
1163 1033 1271 1110 etiam

470 1164 567 1266 apud
601 1165 858 1258 stultillrmos,
905 1183 1027 1250 tamen
1058 1169 1152 1248 hanc
1188 1169 1267 1262 elle,

467 1298 563 1382 hanc
591 1307 742 1408 inquam
777 1309 844 1408 elle
877 1336 1020 1402 unam,
1068 1337 1148 1416 quae
1183 1337 1269 1392 meo

466 1428 618 1526 numine
640 1445 744 1527 Deos
768 1451 875 1552 atque
898 1451 1065 1530 homines
1085 1451 1267 1531 exhilaro:

466 1587 525 1666 vel
538 1587 629 1666 illud
648 1568 988 1690 abundemagnunl
1007 1590 1056 1670 est
1075 1620 1270 1710 argumen-

464 1743 568 1822 tum,
596 1731 698 1837 quod
717 1728 930 1833 fimulatque
950 1737 988 1809 in
1010 1703 1111 1812 hune
1123 1749 1269 1812 coetum

463 1871 788 1976 frequentiffimum
834 1872 969 1951 dietata
1015 1875 1172 1975 prodii,
1219 1874 1269 1953 fic

463 2031 613 2119 repente
643 2017 814 2094 omnium
842 2015 963 2092 vultus
990 2040 1087 2094 nova
1112 2016 1268 2118 quadam

463 2172 574 2261 atque
598 2156 739 2235 insolita
763 2154 941 2233 hilaritate
962 2160 1191 2246 enituerunt,
1219 2156 1268 2234 fic

464 2300 584 2376 subito
612 2297 772 2372 frontem
799 2297 1079 2395 exporrexistis,
1108 2295 1157 2372 fic
1181 2298 1266 2374 laeto

465 2436 630 2539 quodam
669 2436 708 2509 &
738 2434 883 2511 amabili
920 2434 1136 2535 applaufistis
1168 2438 1237 2517 risu
1249 2450 1268 2528 ,'

463 2593 507 2659 ut
531 2575 623 2653 mihi
648 2572 845 2675 profecto,
885 2589 1072 2676 quotquot
1103 2580 1265 2682 undique

461 2715 651 2823 presentes
687 2714 876 2801 intueor,
926 2720 1057 2816 pariter
1093 2718 1264 2800 Deorum

430 2857 750 2939 ·H0merieorum
787 2856 928 2933 neone
962 2855 1042 2949 (b)
1075 2885 1153 2939 non
1190 2860 1264 2939 line

529 2999 701 3069 uoluptatem.
740 2998 822 3053 Porro
834 2996 948 3051 Mariam
962 2994 1040 3065 fingit
1056 3007 1172 3055 veterum
1191 3017 1263 3057 more

535 3102 582 3139 eeu
597 3084 678 3140 Deam
695 3081 824 3155 quandam
837 3080 892 3135 luas
905 3080 993 3136 laudes
1008 3095 1169 3149 narrantem,
1184 3087 1262 3153 idque

531 3172 646 3235 decore,
665 3174 733 3241 quod
762 3171 812 3222 hoe
839 3166 921 3221 stultis
944 3167 1073 3234 peculiare
1095 3166 1148 3235 fit,
1167 3166 1261 3237 seipl'oe

530 3256 671 3321 admirari,
690 3258 772 3324 tleqne
785 3248 870 3319 leiplis
887 3249 998 3319 gloriose
1018 3252 1162 3319 predicare.
1210 3254 1241 3309 1„

459 3338 520 3411 (b)
539 3340 692 3410 Nepenthes
717 3340 819 3400 herba,
853 3337 927 3403 cuiun
955 3336 1073 3391 meminit
1097 3339 1124 3393 (ir
1148 3339 1258 3397 Plinius.

527 3424 606 3495 Apud
615 3426 760 3481 Homerum
771 3420 899 3488 Penelope
912 3420 992 3487 huius
1002 3419 1075 3475 luceo
1088 3424 1174 3480 addito
1181 3444 1261 3495 poru-

534 3510 585 3579 lis,
605 3510 710 3566 discutit
721 3508 850 3567 tristitiam
859 3507 982 3561 convivii.
1003 3504 1078 3563 Unde
1086 3508 1150 3564 illud
1161 3509 1260 3581 Off*

525 3594 552 3659 θ.
569 3602 647 3661 11³·
660 3622 737 3660 renen
749 3592 911 3662 Χώετ’
926 3610 1024 3665 agenn
1040 3618 1068 3658 m
1084 3614 1260 3669 murtru-
