3259 4775
478 874 530 958 96
744 880 782 941 u
805 880 837 943 o
858 880 882 942 r
902 882 920 944 1
940 878 1022 945 oz·

477 976 675 1107 ignobile:
712 1007 817 1107 quod
847 986 1002 1095 laetumj
1032 1002 1152 1082 triste:
1177 1002 1286 1105 quod

478 1143 712 1249 prosperum,
745 1145 951 1227 adversum:
978 1145 1081 1247 quod
1095 1146 1279 1234 amicum,

478 1290 707 1367 inimicum:
749 1289 853 1391 quod
880 1287 1061 1375 salutare,
1101 1289 1280 1365 noxium:
1330 1336 1335 1351 ·

467 1430 641 1535 breviter
666 1434 790 1509 omnia
814 1442 962 1530 repente
983 1428 1080 1506 versa
1104 1430 1278 1531 reperies,

478 1568 696 1658 fiiSilenu'm
724 1572 914 1671 aperueris.
975 1567 1021 1647 Id
1045 1568 1073 1645 fi
1097 1570 1162 1647 'eui
1187 1570 1289 1671 forte¹

479 1716 587 1789 nimis
605 1709 853 1813 philosophice
872 1711 1009 1789 didium
1032 1708 1194 1797 videtur,
1213 1730 1282 1807 age

460 1835 695 1956 pinguiore,
727 1850 1042 1950 quemadmodum
1066 1850 1139 1929 dici
1167 1848 1279 1940 solet,

479 1990 666 2080 Minerva,
697 1989 840 2093 plurius
859 1994 996 2071 faciam
1164 1969 1169 1974 ι

488 2174 491 2195 ÷
559 2132 654 2229 Quis
673 2131 817 2235 Regem
836 2158 916 2217 non
934 2139 973 2215 u
997 2131 1224 2237 opulentum,
1241 2133 1281 2213 dc

479 2272 674 2353 dominum
702 2278 866 2355 fatetur?
902 2279 1015 2375 Atqui
1033 2275 1141 2352 nuliis
1168 2275 1281 2351 animi

477 2413 584 2489 bonis
603 2415 794 2493 instruitus
813 2416 889 2502 est,
911 2417 1013 2514 atqui
1031 2411 1122 2491 nihil
1137 2414 1280 2493 irritatis

322 2518 324 2536 Ι
476 2554 546 2640 est,
570 2553 643 2648 jam
654 2549 822 2630 videlicet
831 2557 1081 2656 pauperrimus
1096 2557 1156 2633 est.
1177 2525 1280 2634 Tum

475 2695 639 2770 animum
658 2691 766 2770 habet
785 2693 950 2795 plurimis
971 2694 1153 2776 additlum
1168 2700 1276 2788 uitiis,

475 2833 549 2936 jum
581 2837 735 2934 turpiter
768 2835 888 2915 servus
921 2836 980 2916 est
1031 2835 1090 2917 Ad
1120 2840 1278 2918 eundem

378 2982 381 2989 '
475 2975 632 3052 modum
651 2978 689 3052 in
709 2980 843 3054 caeteris
864 3002 1014 3089 quoque
1032 2980 1277 3080 philosophari
1320 3066 1327 3076 ¹

473 3116 607 3194 liceret.
629 3171 631 3176 ·
659 3116 729 3194 Sed
751 3118 825 3196 hoc
850 3118 1009 3218 exempli
1027 3123 1105 3195 vice
1126 3116 1278 3218 posuisse

475 3253 555 3336 satis
571 3256 623 3336 fit
678 3259 727 3336 At
747 3257 919 3362 quorsum
936 3258 1040 3340 haec?
1057 3259 1197 3360 inquiet
1214 3259 1278 3338 ali-

477 3403 568 3506 quis.
620 3399 754 3486 Audite
772 3423 940 3506 quorem
957 3376 1189 3483 deducamus.
1238 3401 1277 3479 Si
1302 3451 1305 3456 -

1193 3565 1276 3656 ‘113¹ss
