3259 4775
952 793 974 826 s

461 869 524 979 '64
731 876 768 936 aa
791 877 825 936 a
852 881 873 936 ι»
897 877 913 944 1
935 873 1016 937 az
1163 955 1170 962 ἡ

470 1013 627 1114 appellat
653 1027 782 1114 petum
809 1032 929 1118 pater:
954 1015 1062 1119 quid,
1098 1016 1279 1116 inquam,¹

469 1155 545 1232 hoc
568 1156 648 1244 est,
668 1155 733 1232 niti
762 1181 861 1236 mera
890 1157 1069 1236 stultitia?
1106 1155 1277 1236 Clamant

470 1309 600 1398 terque
616 1313 839 1401 quaterque,
867 1300 1053 1378 stultitiam
1063 1291 1147 1374 effe:
1174 1297 1277 1396 atqui

470 1436 549 1514 haec
580 1462 652 1515 una
679 1440 853 1529 stultitia,
896 1441 933 1515 δι
961 1443 1103 1539 jungit,
1131 1437 1275 1536 Junstos

367 1597 370 1604 '
469 1571 788 1665 &servatamicoa
818 1579 879 1660 De
894 1580 1107 1657 mortalibus
1124 1579 1278 1679 loquor,

445 1751 448 1754 ⁴
468 1737 631 1821 quorum
644 1745 756 1798 nemo
771 1719 844 1796 fine
865 1721 958 1796 vitiis
975 1717 1151 1811 nascitur;
1178 1719 1277 1819 opti·

278 1882 283 1893 ¹
354 1905 357 1911 ·
467 1884 552 1938 mus
569 1859 631 1935 iile
651 1861 720 1948 est,
742 1863 809 1961 qui
824 1862 984 1936 minimis
996 1868 1166 1956 urgetur:
1188 1880 1277 1936 cum

408 2031 412 2035 ·
449 2002 619 2105 ‘interitu
642 2003 736 2079 iuter
755 2001 929 2103 sapientes
958 2002 1044 2078 istos
1062 1997 1184 2089 Deos',
1212 2013 1277 2078 aut

457 2142 628 2222 ¹omniuo
655 2164 735 2221 non
752 2144 919 2222 coalescit
936 2143 1113 2231 amicitia,
1144 2136 1207 2220 aut
1220 2154 1276 2218 te‹

468 2288 558 2360 trica
572 2285 737 2385 quaedam
752 2287 790 2358 &
803 2277 956 2362 insuavis
969 2283 1180 2368 intercedit,
1205 2304 1276 2360 nec

467 2444 511 2497 ea
532 2391 601 2497 'niu
618 2446 705 2497 cum
721 2422 956 2519 pauciffimis,
981 2390 1072 2495 ‘nam
1091 2442 1177 2496 cum
1190 2420 1273 2496 nul·
1370 2468 1374 2495 ·,

468 2560 513 2658 lis
533 2552 655 2635 'dicere
677 2554 807 2655 religio
836 2560 887 2634 est
911 2614 922 2645 ,
955 2554 1147 2659 propterea
1169 2558 1273 2661 quod

466 2702 629 2777 maxima
660 2723 741 2800 pars
771 2696 968 2775 hominum
1002 2696 1157 2799 defipit,
1192 2703 1271 2779 imo

466 2840 589 2919 nullus
612 2842 682 2930 est,
708 2842 774 2943 qui
794 2864 874 2922 non
896 2834 1020 2917 multis
1038 2824 1158 2919 modis
1181 2839 1271 2918 deli.
1394 2856 1402 2877 ⁸

466 2996 544 3071 ret,
570 2981 608 3059 Sc
636 3008 715 3060 non
735 2979 800 3058 nifi
828 2984 922 3057 inter
953 2980 1082 3058 similes
1112 2980 1270 3059 cohaeret
1365 3076 1366 3081 Ν

465 3122 697 3202 neceffitudo.
723 3120 879 3217 Quodsi
897 3115 1045 3223 quando
1063 3125 1156 3197 iuter
1174 3094 1272 3197 seue·

466 3269 529 3350 ros
543 3266 629 3342 istos
647 3249 774 3343 cuierit
795 3276 922 3341 mutua
937 3260 1212 3351 benevolentia,
1228 3285 1269 3343 ea
1357 3242 1362 3251 ¹

465 3421 564 3488 certe
585 3405 867 3509 haudquaquam
884 3404 1015 3487 stabilis
1033 3404 1104 3495 est,
1126 3404 1270 3481 necad·

1111 3546 1268 3629 modum
