3259 4775
535 762 928 881 a'riinntou.
1059 816 1133 896 ³¹7

333 966 443 1029 mem.
480 940 556 1021 Ubi
575 940 755 1042 negaffent
770 938 1133 1041 defuillequicquam
1228 957 1234 978 ²

333 1086 482 1183 adjecit:
509 1082 579 1161 Sed
597 1108 719 1171 nunc,
756 1085 904 1183 inquit,
941 1084 1004 1183 qui
1029 1082 1150 1197 habet¹

258 1246 261 1253 ⁴
332 1224 511 1305 sacculum
535 1223 659 1313 tollat,
684 1222 843 1301 fimiliter
863 1223 900 1299 &
918 1248 1067 1323 peram:
1098 1226 1136 1299 dc

334 1346 492 1465 quinon
510 1362 646 1453 habet,
675 1362 807 1441 vendat
833 1366 994 1441 tunicam
1014 1362 1134 1451 suam,

335 1504 372 1579 δι
394 1517 489 1597 emat
518 1502 689 1601 gladium
762 1503 860 1583 Cum
891 1518 970 1581 tota
1006 1502 1139 1586 Christi

333 1638 524 1733 dodrina,
564 1645 654 1721 nihil
682 1644 777 1723 aliud
799 1644 984 1733 inculcet,
1025 1666 1151 1744 quanax

337 1754 668 1873 mansuetudinem,
688 1787 927 1873 tolerantiam,
947 1786 1029 1863 vitae
1044 1808 1136 1861 uon-
1183 1782 1187 1789 ’

335 1940 535 2025 temptum,
563 1930 621 2004 cui
635 1950 712 2004 non
731 1926 959 2027 perspicuum
979 1924 1032 2012 fit,
1048 1924 1143 2026 quid

334 2065 508 2147 hocloco
524 2046 648 2142 sentiat
656 2066 675 2141 ?'
697 2090 828 2165 nempe
843 2079 886 2143 ut
898 2065 1011 2162 magis
1027 2067 1139 2172 etiam·
1229 2104 1237 2114 x

336 2220 497 2283 exarmet
526 2205 607 2285 suos
634 2205 798 2304 legatos,
832 2218 875 2283 ut
897 2228 974 2281 non
993 2216 1138 2281 tantum
1231 2287 1233 2295 J

338 2348 478 2443 calceos
500 2346 686 2446 negligant
708 2348 745 2423 dc
766 2369 924 2447 peram,
951 2349 1080 2422 verum
1102 2344 1142 2420 &
1221 2316 1224 2321 ¹

336 2484 497 2572 tunicam
519 2488 661 2588 insuper
688 2489 881 2586 abjiciant,
917 2486 1139 2587 nudique&
1166 2461 1171 2468 ¹

336 2630 480 2730 prorsus
497 2629 656 2730 expediti
676 2687 687 2716 ,
721 2654 855 2706 munus
885 2628 1138 2726 euangelicum

297 2759 299 2770 ’
336 2767 621 2863 aggrediantur,
663 2767 754 2842 nihil
786 2769 851 2844 fibi
880 2783 1034 2866 parent,
1074 2766 1141 2844 nifi

336 2904 524 3004 gladium,
555 2929 632 2980 non
649 2904 756 2980 istum
779 2929 854 3004 quo
872 2902 1067 3004 grassantur
1090 2906 1143 2981 la·
1226 2976 1229 2983 ,

337 3058 481 3134 tiones,
512 3045 550 3120 dc
572 3044 775 3144 parricida,
812 3042 871 3120 sed
891 3044 1052 3143 gladium
1072 3045 1141 3144 spi-

335 3185 452 3274 ntus,
481 3163 683 3266 inintimos
706 3209 857 3287 quoque
876 3185 1029 3286 petieris
1044 3182 1139 3262 finus

339 3339 612 3426 penetrantem,
630 3331 690 3428 qui
713 3325 820 3403 semel
835 3325 979 3435 aldedus
997 3296 1138 3401 omneis

335 3461 386 3558 ,fic
405 3481 588 3568 amputat,
612 3481 654 3546 ut
672 3443 762 3550 nihil
783 3469 857 3565 jam
874 3465 943 3546 illis
962 3464 1065 3551 cordi
1082 3463 1135 3557 iit,
1168 3476 1193 3578 J
