3259 4775
388 888 391 895 .
475 852 596 941 an·
740 855 1019 927 norrnn

365 1126 367 1133 '
470 1104 686 1207 netralibus,
712 1142 781 1197 nec
812 1118 852 1195 id
877 1120 987 1210 sarIs,
1027 1123 1066 1197 in
1085 1117 1272 1201 munitifli-

470 1284 620 1339 morunr
639 1259 852 1340 scriniorum
877 1254 1106 1345 secretillirnis
1131 1262 1271 1361 angulis

470 1402 534 1479 ista
550 1403 749 1503 reponitis,
773 1426 924 1479 coenum
942 1404 982 1479 in
1002 1402 1198 1504 propatulo
1216 1427 1274 1481 τε,

417 1512 420 1531 ’
470 1542 642 1646 linquitis.
697 1538 797 1641 Ergo
825 1540 852 1617 fi
877 1543 982 1643 quod
1008 1540 1196 1655 pretiosius
1221 1540 1273 1621 est

439 1767 442 1780 ,
471 1682 682 1761 reconditur
691 1738 709 1787 ³.
717 1681 821 1781 quod
831 1682 937 1783 vilius
952 1686 1158 1788 exponitur,
1177 1707 1273 1770 non-

469 1847 519 1899 ne
551 1822 669 1923 palam
695 1822 777 1909 est,
816 1821 1022 1923 sapientiam
1044 1847 1155 1924 quam
1176 1835 1274 1901 vetat

382 1963 401 1971 ”
472 1961 674 2051 abscondi,
714 1940 881 2040 idiotam
901 1960 967 2040 esse
993 1964 1139 2043 stultitia
1161 1988 1272 2065 quam

380 2074 390 2103 δ’
470 2104 623 2213 recondi
652 2103 786 2203 jubet?
826 2101 907 2205 Jam
937 2101 1044 2205 ipsius
1074 2104 1271 2181 testimonii

285 2260 288 2268 ’
421 2242 423 2249 ’
470 2247 579 2321 verba
594 2248 753 2345 accipite.
799 2244 937 2323 Melior
956 2243 999 2343 est
1020 2246 1121 2322 homo
1137 2248 1198 2343 qui
1211 2240 1273 2320 ab·

472 977 693 1099 nonhercle
714 981 857 1079 opinor.
882 1045 885 1051 .
909 978 954 1058 In
971 971 1188 1061 abditissimis
1207 977 1292 1083 pel·
1373 1051 1379 1065 .
1487 895 1490 1092 l

408 2431 415 2436 -
462 2383 601 2484 scondit
612 2382 803 2482 stultitiam
813 2382 942 2483 suam,
968 2410 1073 2483 quom
1088 2385 1188 2463 homo
1211 2387 1274 2482 qui

306 2619 312 2636 ο
472 2523 645 2618 abscondit
663 2521 991 2619 sapientiamsuom.
1044 2523 1146 2617 Quid
1169 2524 1274 2624 quod

472 2663 584 2740 animi
605 2684 754 2762 quoque
782 2659 978 2739 candorem
1006 2660 1137 2774 divipae
1158 2663 1271 2742 literae
1375 2653 1378 2658 ’

472 2801 582 2882 stulto
612 2804 807 2891 tribuunt,
837 2826 923 2881 cunr
958 2801 1093 2904 sapiens
1125 2806 1272 2882 interim

472 2946 657 3026 neminem
677 2945 729 3024 sui
752 2943 902 3022 fimilern
929 2959 1041 3046 putet
1068 2945 1071 2950 ’
1094 2945 1153 3024 Sic
1173 2949 1272 3024 enirn

471 3087 659 3185 intelligo,
686 3086 724 3162 id
750 3085 853 3187 quod
881 3085 1000 3164 scribit
1026 3083 1268 3176 Eoclesrastes,

472 3244 546 3326 cap.
557 3249 626 3309 ,ro
667 3225 734 3302 Sed
752 3221 798 3310 sd
816 3229 854 3300 in
871 3224 1060 3321 oiostultur
1077 3225 1267 3317 ambulans,

472 3392 552 3446 cum
573 3366 641 3482 ipse
653 3364 807 3464 infipienr
821 3363 891 3462 fit,
921 3369 1045 3444 omneis
1055 3363 1179 3463 stultos
1197 3371 1298 3450 exi-⁴,

463 3507 598 3606 stimat.
648 3507 805 3588 Annon
826 3505 918 3588 istud
939 3510 1063 3588 eximii
1087 3507 1274 3619 cujusdam
