3259 4775
477 895 509 988 4
588 868 590 871 ’
671 879 1065 972 -Morrezx

478 1053 546 1131 ubi
565 1048 646 1150 post
665 1049 821 1150 asperam
843 1053 1035 1154 hyemem,
1063 1056 1204 1129 novum
1216 1051 1281 1128 ver

435 1199 438 1205 '
480 1185 636 1269 blendio
665 1188 822 1292 aspirarit
867 1191 1063 1280 Favonio,
1112 1193 1278 1291 protinus

472 1357 577 1424 move
586 1331 692 1409 rebus
706 1335 877 1411 omnibus
896 1333 1023 1421 facies,
1043 1300 1165 1410 nov'ue
1177 1331 1279 1409 color
1325 1325 1328 1329 ’
1407 1303 1411 1312 .

480 1498 522 1549 ac
548 1473 653 1573 plane
679 1478 825 1573 juventa
855 1473 1019 1574 quaedam
1034 1473 1199 1560 -redeat,
1232 1476 1280 1550 ita

376 1673 381 1681 .
479 1615 584 1690 vobis
607 1639 666 1690 me
693 1613 1010 1714 conspe6ia‚mox
1031 1614 1119 1691 alius
1144 1599 1281 1714 aceeffit

479 1752 611 1832 vultus.
678 1726 804 1855 itaque
844 1755 945 1855 quod
983 1756 1107 1852 magni
1144 1753 1281 1852 alioqui

471 1895 674 1984 rhetores,
713 1899 776 1971 vix
802 1896 914 1994 longa
945 1895 1078 1994 diuque
1112 1893 1280 1970 meditata

480 2040 645 2120 oratione
669 2036 820 2137 ,poffunt
863 2033 1029 2122 efficere,
1069 2060 1202 2135 nempe
1239 2047 1281 2112 ut

480 2177 644 2279 molestas
662 2181 773 2255 animi
794 2203 895 2256 cures
916 2177 1125 2264 discutiant,
1155 2175 1192 2252 id
1210 2199 1281 2273 ego

355 2322 359 2333 ’“
473 2287 556 2393 ‘solo
571 2319 686 2393 statim
699 2318 837 2415 aspectu
849 2318 1001 2413 praestiti.
1028 2314 1281 2405 Quamobrem

471 2467 602 2550 ,autem
639 2454 713 2529 hoc
754 2453 898 2529 insolito
944 2451 1044 2529 cultu
1082 2452 1280 2551 prodierim

481 2593 610 2680 hodie,
640 2596 712 2688 jam
734 2591 1083 2679 audietis‚'s1modo
1105 2618 1182 2669 non
1200 2618 1281 2691 gra·

469 2715 654 2847 {eabimini
685 2732 818 2809 dicenti
857 2734 1013 2833 praebere
1051 2760 1175 2822 aures,
1202 2758 1280 2812 non

482 2891 539 2951 eas
566 2872 647 2949 sane
678 2898 766 2975 quas
795 2874 897 2953 sacris
928 2866 1275 2965 concionatoribus,

481 3016 541 3093 sed
576 3041 663 3116 quas
702 3018 772 3093 fori
809 3016 1112 3105 circulatoribus,
1154 3017 1279 3095 scurris

491 3182 533 3234 ac
565 3158 793 3235 morionibus
831 3154 1056 3235 consuevistis
1096 3161 1276 3257 arrigere,

362 3354 366 3357 -
483 3299 638 3400 quasque
664 3298 753 3376 oiim
767 3298 889 3375 Midas
908 3299 967 3375 ille
981 3299 1104 3375 noster
1117 3299 1282 3379 exhibuit

481 3438 615 3531 Pani(
655 3442 683 3527 ).

482 3576 544 3649 (d)
563 3578 698 3634 Notissima
714 3579 749 3634 est
768 3578 856 3633 fabula
885 3580 916 3633 de
939 3578 1015 3635 Mida
1031 3619 1039 3645 ‚
1065 3578 1182 3650 Phrygiae
1203 3594 1277 3645 rege,

550 3666 592 3719 cui
605 3664 716 3736 Apollo,
737 3665 835 3722 Panem
859 3663 948 3721 stolide
966 3676 1100 3724 canentem
1124 3664 1171 3720 fibi
1190 3660 1279 3731 praefe-
