3259 4775
464 830 534 915 ro'e
681 834 1000 917 ·'norr'nz
1302 944 1310 957 Ι

459 977 532 1057 sola
552 976 749 1057 nobilitatis
767 978 809 1058 fit
832 981 934 1069 fons,
959 978 1078 1081 adque
1102 977 1263 1060 eundem

461 1119 618 1198 modum
642 1119 687 1198 de
710 1088 845 1200 caeteris
874 1121 1045 1199 omnibus
1067 1117 1258 1222 loquatur,

458 1261 580 1363 quaelo
599 1264 688 1363 quid
705 1266 735 1340 is
757 1261 855 1341 aliud
876 1266 1017 1361 egerit,
1047 1261 1112 1339 nili
1135 1276 1178 1341 ut
1199 1261 1263 1339 de-

458 1426 563 1481 mens
582 1423 624 1480 ac
634 1403 786 1481 furiosus
805 1404 978 1482 omnibus
992 1402 1059 1482 elle
1071 1402 1262 1482 videatur?

459 1536 512 1622 Ut
538 1542 628 1621 nihil
654 1542 864 1623 est=stultius
886 1545 1100 1646 praepostera
1113 1544 1262 1645 ,sapien-

457 1687 528 1773 tia‚
555 1688 604 1761 ita
622 1678 782 1784 perversu
800 1684 992 1784 prudentia
1014 1682 1106 1759 nihil
1122 1686 1263 1785 impru-

457 1825 611 1903 dentius.
666 1823 855 1927 Siquidem
874 1823 1041 1931 perverse
1058 1824 1167 1913 lacit,
1196 1826 1261 1927 qui

458 1966 526 2047 sese
536 1986 612 2045 non
624 1967 881 2046 accommodet
896 1967 1004 2045 rebus
1015 1964 1258 2066 praelentibus,

456 2111 614 2214 foroque
636 2108 731 2188 nolit
751 2112 806 2189 uti
831 2110 916 2203 (e),
949 2132 1018 2195 nec
1032 2102 1152 2185 saltem
1166 2105 1260 2205 ,legis

457 2252 554 2329 illius
577 2251 785 2328 conviviolis
807 2253 1044 2335 meminerit,
1070 2278 1089 2335 t
1113 2242 1262 2337 mbuq

456 2382 570 2466 uiro·
596 2384 689 2479 (f),
722 2388 953 2488 postuletque
977 2400 1021 2464 ut
1045 2384 1163 2465 fabulo
1186 2390 1263 2487 jam

458 2521 524 2598 (e)
541 2522 711 2580 Proverbium
733 2524 769 2579 est
787 2537 821 2579 ex
843 2525 992 2578 Phormione
1007 2526 1172 2580 Termer‘ana:
1189 2527 1265 2592 Foro

526 2613 648 2666 dicuutur
664 2611 723 2673 uti,
748 2610 794 2679 qui
809 2607 859 2665 sese
878 2611 1071 2666 accommodant
1084 2609 1141 2666 loeo
1155 2614 1182 2668 u
1194 2619 1276 2668 tem-⁸

524 2698 592 2768 pori.
629 2695 767 2764 Sumpturn
780 2707 795 2750 a
808 2697 1013 2765 negotiatoribus
1025 2698 1070 2766 qui
1085 2713 1183 2753 merces
1194 2713 1260 2753 veu-

526 2783 609 2845 dunt,
628 2797 681 2835 non
695 2789 725 2837 ut
742 2780 912 2848 destinarunt,
931 2783 1001 2838 domi
1017 2780 1059 2838 led
1074 2792 1104 2840 ut
1116 2783 1260 2853 deprehen-

526 2867 612 2923 derint
626 2865 678 2921 fori
693 2866 803 2933 statum,
830 2868 875 2937 qui
895 2869 983 2923 varius
1001 2869 1044 2924 est.
1081 2868 1126 2925 Est
1148 2870 1260 2940 diligen·

525 2955 578 3010 tius
597 2950 755 3022 explicatum
771 2949 800 3008 r'n
814 2951 965 3009 madibus
976 2955 1084 3017 Erasmr'.
1119 2951 1151 3010 L

455 3033 511 3108 (f)
529 3039 559 3094 ld
574 3039 624 3094 est:
642 3038 696 3094 Aut
711 3041 784 3105 tile,
803 3049 848 3094 atet
871 3043 920 3093 ati.
966 3040 1071 3095 Veteres
1087 3041 1115 3093 in
1129 3038 1257 3094 conviviis

526 3121 808 3194 iuuenioribus,
828 3125 873 3194 qui
883 3125 1142 3195 ruiqueeyeebormn
1151 3125 1264 3178 modun

524 3209 725 3282 proscriberent.
763 3206 927 3266 Pouebautur
944 3210 1053 3278 &leges
1066 3207 1175 3276 jocose,
1195 3227 1259 3280 qur·

523 3313 583 3352 rum
599 3297 652 3353 haeo
664 3315 716 3353 una
729 3297 783 3358 est.
803 3311 859 3367 quae
874 3297 901 3350 in
916 3294 1083 3364 proverbium
1103 3293 1183 3362 abiit,
1204 3313 1259 3367 quo

524 3379 717 3451 significabant,
733 3392 779 3440 aut
799 3379 996 3444 observieudum
1015 3381 1262 3448 montaneorum„

523 3467 593 3524 inter
610 3482 674 3538 qnos
694 3470 765 3537 agis,
784 3477 830 3524 aut
847 3466 1033 3523 discedendum.
1072 3467 1115 3522 Sic
1130 3467 1193 3523 Cato
1204 3468 1256 3518 dis·

523 3551 596 3609 cellit
611 3572 626 3610 e
642 3553 804 3620 Floralibus,
825 3555 895 3626 quod
914 3552 1005 3612 vulno
1024 3551 1185 3614 severitatem
1197 3563 1256 3605 mu·

523 3643 579 3696 tare
598 3654 652 3696 nou
668 3637 758 3712 ponet
793 3639 826 3700 l.
