3259 4775
570 857 966 937 urunnton
1087 859 1164 945 nt

359 989 409 1076 'ad
440 995 607 1075 nidorem
642 998 745 1076 illum
775 997 1009 1076 viilimarum.
1065 991 1181 1081 Nam'

360 1145 576 1218 caeterorum
593 1137 762 1217 Deorum
780 1152 878 1216 tanta
892 1138 997 1216 inhis
1015 1141 1067 1216 est
1082 1165 1167 1219 mu-

244 1309 247 1316 ·
361 1279 508 1370 totitas,
534 1293 576 1357 ut
601 1293 717 1382 prope
745 1246 860 1379 maius
882 1279 924 1358 fit
944 1305 1062 1381 operae
1081 1307 1166 1383 pre-

362 1423 477 1507 tium,
506 1434 612 1522 atque
644 1421 735 1499 adeo
764 1425 910 1510 tutiusi,
946 1420 1028 1500 illos
1049 1423 1167 1524 negti-a

362 1583 479 1662 gere,
522 1587 633 1664 quam
653 1561 781 1640 colere.
836 1561 1166 1657 Quemadmodum

362 1701 444 1780 sunt
464 1702 688 1781 &homines
718 1703 909 1794 nonnulli,
923 1718 1012 1806 tam
1038 1693 1167 1781 difficit
1227 1786 1237 1799 N

361 1838 435 1932 les,
465 1845 503 1918 &
516 1845 563 1920 ad-
579 1844 783 1922 laedendum
798 1844 1005 1934 irritabiles,
1021 1859 1066 1923 ut
1075 1868 1167 1946 prae·

361 1983 489 2060 stiterit
511 2009 574 2061 eos
593 1983 759 2083 prorsum
780 1982 1005 2062 alienillmws
1018 1984 1162 2072 habere,

361 2145 472 2222 quam
490 2123 694 2226 familiares.-
742 2122 791 2199 At
802 2145 944 2210 nemo,
968 2126 1168 2223 inquiunt,'

362 2262 527 2340 Stultitiae
546 2262 735 2350 sacrificat,
761 2287 880 2362 neque
900 2262 1081 2364 templum
1099 2263 1168 2340 sta·-¹

362 2408 441 2485 tuit.
478 2402 658 2506 Equidem
677 2404 858 2493 demiror,
882 2417 926 2483 ut
945 2405 1042 2493 dixi,
1070 2429 1168 2483 nona

366 2546 457 2625 nihil
477 2546 571 2625 hanc
587 2536 894 2647 ingratitudinem.
932 2544 1075 2624 Verum
1090 2545 1168 2625 hoe

364 2710 515 2789 quoque
527 2712 598 2788 pro
611 2712 691 2764 mea
701 2687 867 2765 facilitate
884 2688 975 2765 boni
992 2687 1165 2788 consulo:

365 2852 573 2929 quanquam
605 2852 651 2903 ne
680 2826 756 2905 haec
784 2827 937 2930 quidem
969 2828 1167 2907 defideraru

363 2966 515 3071 pullum.
559 2967 662 3062 Quid
694 2968 867 3063 enimfiest
891 2990 956 3044 cur
985 2968 1171 3052 tusculum

310 3092 318 3117 ⁹
364 3123 426 3183 aut
447 3109 583 3187 molam
604 3124 665 3187 unt
686 3110 861 3198 hircum&
901 3120 964 3184 aut
984 3107 1084 3185 suem
1108 3134 1165 3186 re-

364 3248 525 3347 quirum,
556 3276 641 3329 cum
653 3237 743 3327 mihi
754 3247 924 3327 mortales
940 3262 1069 3327 omnes
1082 3250 1164 3328 ubi-

364 3410 436 3487 que
456 3392 622 3485 gentium
653 3416 738 3485 eum
773 3390 913 3470 cultum
941 3388 1162 3493 persolvant,

366 3529 431 3629 qui
462 3526 521 3608 vel
548 3553 568 3607 a
595 3526 797 3631 Theologis
828 3532 985 3611 maxime
1020 3528 1168 3649 ptobari
1208 3614 1213 3620 ,
