3259 4775
586 784 1037 933 erxnmlouiffi
1037 852 1171 911 &101

241 1044 245 1051 .
363 994 451 1056 nun
475 972 518 1051 iit
534 974 661 1053 fabula.
715 973 884 1063 Contra,
912 997 996 1051 vere
998 963 1176 1085 pruden

371 1119 418 1195 tis
439 1116 514 1205 est,
542 1140 628 1193 cum
657 1111 701 1191 sis
738 1112 926 1202 mortale,
961 1081 1069 1191 nihii
1071 1072 1176 1221 'iiiuc

370 1254 506 1335 sortem
533 1255 651 1356 sapere
679 1255 793 1345 velle,
820 1278 979 1366 cumque
1014 1226 1181 1381 ιιηίὖεὲᾃ

371 1394 569 1475 hominum
606 1396 840 1475 multitudine
879 1394 938 1473 vel
979 1374 1211 1499 connivere:

362 1534 545 1625 libenter,
572 1536 630 1615 uel
654 1540 808 1617 comiter
831 1560 955 1613 errare.
1009 1536 1059 1617 At
1080 1538 1175 1616 istud

364 1680 515 1780 ipsum,
541 1681 734 1779 inquiunt,
774 1676 929 1755 stultitiae
952 1676 1011 1755 est.
1064 1674 1174 1756 Haud
1206 1652 1319 1797 '27:233

373 1818 545 1921 equidem
565 1818 699 1897 inficias
719 1822 872 1908 iverim,
906 1819 1023 1899 modo
1041 1819 1176 1897 fatean-
1255 1793 1346 1937 '3‘2322

361 1972 432 2039 ..tur
456 1959 508 2037 illi
529 1957 679 2040 uicissim
707 1958 781 2037 hoc
800 1957 887 2048 esse,
901 1933 1000 2038 ,m
1015 1961 1174 2038 fabulam

369 2122 486 2197 agere.
826 2078 830 2087 ’

386 2287 393 2323 .
445 2237 628 2318 Caeterum
653 2235 765 2327 illud,
793 2234 903 2321 oDii
924 2236 1173 2327 immortales,¹

368 2380 520 2482 eloquar
552 2403 635 2469 ne,
675 2405 721 2458 an
750 2376 908 2458 sileam?
943 2378 1021 2459 Cur
1049 2395 1172 2462 autem

326 2565 329 2572 ·
368 2519 507 2611 sileam,
536 2543 621 2602 cum
642 2519 685 2600 fit
703 2546 791 2600 vero
813 2521 959 2601 verius?
995 2520 1065 2600 Sed
1082 2545 1173 2622 prae-

369 2663 495 2740 stiterit
521 2660 670 2740 sortassis
700 2665 740 2740 in
771 2687 810 2740 re
836 2677 955 2753 tanta,
979 2656 1100 2743 Musas
1124 2686 1172 2741 ex

368 2801 548 2882 Helicone
570 2801 764 2892 accersere,
793 2828 881 2905 quas
907 2817 1026 2903 poetae
1045 2803 1170 2904 saepius

367 2945 420 3022 ob
434 2967 549 3022 meras
569 2967 684 3042 nugas
703 2943 878 3033 advocate
889 2942 1014 3020 solent
1040 2943 1170 3022 Adeste

366 3087 480 3203 igitur
493 3084 687 3187 paulisper,
704 3083 807 3186 Jovis
822 3083 924 3172 iiliae,
947 3083 1037 3160 dum
1050 3085 1169 3165 osten-

367 3223 420 3300 do
444 3249 513 3302 nec
540 3225 585 3302 ad
615 3229 799 3325 egregiam
821 3225 919 3302 illam
940 3224 1165 3325 sapientiam,

367 3385 411 3442 ac
428 3363 613 3454 felicitatis,
639 3381 681 3443 ut
700 3365 920 3478 ipfilvocant,
942 3389 1072 3452 arcem,
1093 3364 1169 3440 adi·

366 3518 450 3588 tum
460 3501 528 3582 eise
545 3505 735 3604 cuiquam,
749 3505 815 3586 nifi
826 3507 1048 3588 Scunrrtm
1061 3504 1164 3584 duce.
