3259 4775
631 860 960 905 a

397 967 574 1072 Apuleius
604 969 764 1059 afinum,
795 973 833 1046 &
856 969 1053 1071 nescioquis
1079 965 1202 1048 Grun-

399 1097 454 1172 nii
480 1094 696 1183 „Corocottae
729 1095 881 1194 porcelli
916 1095 1197 1181 testamentum,

401 1221 553 1316 cujus&
565 1219 670 1295 divus
687 1221 853 1294 meminit
865 1217 1139 1320 Hieronymus(
1165 1219 1197 1304 >2

399 1340 558 1429 Proinde
585 1341 612 1418 fi
641 1342 849 1431 videbitur,
895 1341 1033 1441 fingant
1064 1343 1119 1420 isti
1142 1364 1203 1418 me

402 1465 612 1544 latrunculis
642 1469 788 1543 interim
816 1470 926 1542 animi
947 1467 1045 1547 causa
1065 1463 1197 1555 lusisse,

402 1589 522 1668 autsi
553 1591 715 1679 malint,
757 1588 924 1692 equitasse
959 1594 998 1668 in
1027 1589 1202 1669 arundine

402 1715 515 1816 longa
532 1714 624 1809 (h).
675 1715 774 1794 Nam
797 1732 877 1817 quae
896 1699 1041 1792 ta'ndem
1064 1715 1203 1792 estini-

394 1843 523 1956 ¹quitas
546 1898 557 1929 ,
601 1865 687 1919 cum
707 1844 810 1919 omni
837 1845 918 1918 vitae
937 1841 1100 1917 instituto
1121 1837 1203 1917 suos

377 2059 381 2064 ,
404 1965 499 2044 susus
518 1965 783 2052 concedamus,
811 1965 935 2047 studiis
960 1963 1103 2043 nullum
1122 1986 1203 2040 om-

374 2071 380 2180 ,
405 2094 496 2168 nino
503 2089 621 2168 lusum
631 2092 857 2190 permittere,
875 2091 1032 2164 maxime
1053 2084 1204 2184 finugae

376 2219 380 2227 '
405 2213 491 2292 seria
509 2213 662 2302 ducant,
696 2226 805 2314 atque
831 2213 880 2288 ita
898 2208 1204 2294 tradenturludi·

406 2363 490 2427 cra,
530 2354 582 2447 ut¹
602 2362 649 2419 ex
681 2336 737 2416 his
764 2335 947 2439 aliquanto
978 2335 1059 2437 plus
1090 2335 1204 2435 fru'gis

406 2464 534 2541 referat
549 2464 661 2540 ledor
680 2488 758 2541 non
778 2464 932 2540 omnino
953 2464 1045 2539 naris
1067 2450 1201 2551 obesae,

407 2612 518 2690 quam
540 2612 588 2665 ex
617 2588 848 2689 quorundam
872 2590 1004 2665 tetricis
1027 2610 1068 2664 ac
1089 2585 1205 2687 splen-

407 2712 501 2789 didis
524 2712 771 2811 argumentis?
794 2712 907 2817 veluti
928 2736 1012 2791 cum
1032 2712 1120 2788 alius
1140 2710 1204 2789 diu

409 2830 648 2915 consarcinata
672 2839 863 2927 oratione,
908 2828 1113 2913 rheioricen
1143 2846 1207 2913 aut

408 2960 675 3063 philosophiam
708 2961 863 3047 laudat,
907 2960 995 3037 alius
1034 2961 1207 3060 principis

380 3074 384 3081 ⁴
409 3086 560 3183 alicujus
590 3085 711 3164 laudes
742 3086 933 3173 describit,
959 3083 1048 3161 alius
1068 3083 1113 3160 ad
1132 3082 1208 3159 bel-

411 3219 472 3296 (ε)
489 3224 535 3279 Est
551 3222 666 3291 iocosum
684 3232 868 3295 argumetum
884 3224 916 3277 de
934 3238 1013 3291 porco
1028 3224 1155 3277 condente
1169 3228 1208 3276 te-

480 3308 645 3366 stamentum.
673 3310 756 3376 cujus
771 3309 889 3363 meminit
905 3308 981 3361 divus
993 3304 1170 3373 Hieronymus
1178 3305 1207 3361 iu
1283 3376 1287 3383 Ι

482 3395 590 3462 quadam
597 3381 748 3463 prae‘fetione
757 3392 999 3449 commentariorum
1006 3391 1035 3445 iu
1043 3388 1153 3445 Esaiam.
1172 3388 1205 3443 L.

415 3472 480 3549 (h)
499 3477 619 3535 Ailusum
638 3481 670 3533 ad
690 3496 793 3533 mrmen
812 3477 881 3531 illud
897 3474 1032 3529 Horatian.

483 3561 578 3617 laudere
590 3578 638 3632 par
652 3566 747 3630 impar,
766 3564 875 3629 equitare
888 3562 914 3613 in
930 3559 1049 3612 arundine
1064 3559 1144 3623 uirga,

483 3648 527 3707 su
537 3650 609 3706 euim
621 3644 750 3719 fignificat
763 3645 839 3701 ludos
854 3644 968 3715 pueriles
983 3644 1010 3699 ἃ
1027 3642 1138 3713 ineptos.
1173 3640 1206 3699 t,
