3259 4775
590 890 981 955 arcaniora.
1056 898 1060 916 ·
1131 888 1179 969 83

283 1038 293 1065 ·
379 1016 477 1097 Cato
510 1014 599 1108 (r),
626 1016 924 1119 quandoquidem
951 1016 1183 1117 supercilium

381 1129 460 1233 non
479 1159 597 1258 potest
616 1182 762 1259 ponere.
814 1158 859 1236 In
878 1158 1108 1259 colloquium
1127 1160 1185 1233 in-

382 1298 540 1405 ciderit,
579 1313 727 1400 repente
757 1298 865 1399 lupus
898 1302 936 1375 iu
963 1299 1091 1376 fabula.
1146 1296 1184 1380 Si

384 1440 472 1542 quid
494 1440 712 1530 emendum,
727 1438 754 1517 fi
770 1440 1081 1529 contrahendum,
1104 1441 1184 1516 bre-

382 1585 475 1659 viter
497 1580 522 1657 sr
544 1583 632 1683 quid
651 1606 781 1659 eorum
796 1581 1002 1679 agendum,
1018 1566 1091 1657 sine
1104 1583 1187 1680 qui-

381 1724 450 1801 bus
480 1722 557 1802 haec
581 1722 792 1824 quotidiana
821 1725 894 1801 vita
928 1720 1073 1822 transigi
1106 1731 1202 1808 non*
1288 1772 1292 1776 -

382 1846 520 1963 potest,
550 1866 705 1963 stipitem
725 1866 822 1942 dicas
840 1866 1035 1965 sapientem
1056 1865 1183 1954 istum,
1224 1896 1236 1921 ι

382 2030 460 2081 non
475 2004 673 2081 hominem.
727 2002 849 2103 Usque
863 2006 954 2081 adeo
970 2030 1089 2103 neque
1107 2002 1185 2091 fibi,

384 2166 507 2242 neque
535 2144 681 2240 patriae,
705 2166 825 2241 neque
845 2142 913 2218 suis
936 2140 1087 2242 usquam
1109 2141 1188 2224 usui

384 2280 451 2358 esse
465 2282 599 2382 potest,
616 2290 806 2383 propterea
819 2281 921 2382 quod
931 2285 1187 2361 communium

382 2448 508 2534 rerum
523 2421 570 2499 su
592 2425 780 2523 imperitus
815 2421 853 2498 &
875 2423 1082 2524 apopulari
1106 2428 1188 2526 opi·
1277 2466 1281 2475 κ

382 2569 526 2652 nione,
566 2563 844 2663 vulgaribusque
874 2564 1043 2670 institutis
1072 2565 1186 2664 lunge
1215 2659 1218 2664 ,

382 2705 526 2808 lateque
545 2705 727 2806 discrepet.
782 2703 867 2798 Qua
890 2671 1039 2806 quidem
1071 2731 1186 2799 exre

385 2848 513 2924 odium
548 2867 697 2947 quoque
730 2847 971 2946 consequatur
1006 2845 1187 2924 necessum

385 2989 459 3076 est,
479 2990 653 3065 nimirum
669 2987 718 3063 ob
737 2991 874 3063 tantam
891 2989 972 3066 vitae
991 3003 1099 3086 atque
1111 2991 1188 3096 ani-
1219 2961 1224 2968 ⁵

323 3189 326 3198 ·
384 3163 439 3236 (i)
459 3165 502 3220 En
521 3166 590 3233 apud
607 3165 757 3220 Martialem
769 3166 800 3218 de
812 3164 907 3218 Catone
920 3160 1049 3230 censorio,
1064 3167 1108 3237 qui
1125 3183 1185 3219 cum

454 3249 552 3308 sederet
567 3235 594 3304 in
610 3251 727 3315 theatro,
747 3247 794 3305 ne'c
808 3252 932 3304 auderent
946 3266 1036 3318 agere,
1049 3251 1093 3318 qui
1103 3251 1186 3304 acturi

453 3343 526 3389 erant
543 3335 673 3400 Floralia,
694 3335 721 3389 in
745 3334 839 3405 quibus
861 3335 983 3388 mulieres
1002 3331 1075 3388 nudae'
1092 3337 1118 3389 8t
1133 3330 1186 3386 vicl

450 3420 564 3484 turpiter
578 3418 722 3484 saltabant,
741 3419 822 3486 jussus
840 3420 875 3476 est
890 3429 935 3474 aut
953 3426 1053 3479 mutare
1069 3418 1184 3484 vultum,

454 3509 500 3556 aut
513 3505 602 3570 exite,
621 3506 704 3561 exivit
716 3507 810 3578 itaque.
847 3505 880 3572 L.

833 3610 916 3729 Fa

1383 896 1390 941 q
1428 902 1431 908 Α
