3259 4775
460 772 538 893 ‘rto
713 807 1015 897 :aniana

461 941 519 1022 his
544 939 886 1042 neqnessprandere,
914 961 983 1017 nec
1003 937 1165 1038 ingredi,
1190 928 1264 1020 nic

446 1074 617 1199 Lomnino
634 1079 691 1160 vel
705 1081 835 1159 horam
847 1079 974 1160 durare
987 1076 1101 1182 poffit.
1130 1076 1263 1184 Neque

445 1214 554 1304 ⁴vero
580 1219 690 1324 paulo
718 1221 909 1303 intervallo
935 1221 1004 1300 hos
1018 1220 1163 1302 'bliteo's
1193 1223 1262 1302 luis

445 1345 531 1444 illis
563 1365 696 1442 tetricis
727 1361 860 1463 Sophis
885 1352 1141 1465 anteponunt,
1168 1387 1262 1466 quos

445 1493 585 1585 'tamen
611 1505 707 1606 ipsos
732 1503 873 1605 aliquot
895 1502 1047 1582 honoris
1066 1508 1182 1604 gratia
1208 1505 1264 1584 lo·
1302 1588 1306 1592 ,

454 1623 540 1729 lent
558 1637 661 1723 alere.
694 1643 908 1723 Cur‘autem
928 1635 1175 1748 anteponant,
1196 1669 1264 1726 nec

342 1869 346 1879 ,
441 1773 660 1868 'obscurum
683 1777 845 1868 'arbitror
867 1781 953 1864 ¹nec
983 1787 1119 1864 mirum
1152 1786 1265 1865 videri

446 1903 612 2018 v‘'tlebetj
630 1952 717 2006 cum
737 1926 921 2028 Sapientes
942 1926 995 2004 illi
1013 1926 1066 2003 nil
1079 1925 1152 2004 'n'ifi
1168 1929 1265 2005 triste
1391 2001 1396 2006 .

445 2045 601 2148 ³loleant
623 2068 760 2147 adferre
779 2067 1028 2169 Principibus,
1054 2055 1186 2174 suaque
1200 2055 1268 2148 tlo-

467 2212 577 2290 llrina
610 2211 720 2299 freti,
753 2233 834 2288 non
860 2224 1060 2289 vereantur
1074 2191 1284 2310 aliquoties

468 2347 643 2431 auriculas
666 2364 803 2472 teneras
835 2349 998 2457 mordaci
1019 2346 1142 2428 rade're
1165 2373 1263 2427 vero.

469 2492 662 2572 Monones
670 2506 791 2572 autern
799 2492 838 2569 1d
848 2491 1025 2595 praestent,
1041 2491 1143 2593 quod
1152 2515 1270 2571 unum
1367 2524 1375 2535 ·

470 2634 713 2737 undecunque
744 2636 932 2761 principes
951 2632 1072 2711 modis
1097 2635 1269 2713 omnibus

471 2780 722 2882 aucupantur,-
745 2778 875 2899 jocos,
892 2746 1023 2864 risus,
1050 2776 1266 2863 cachinnos,

472 2917 644 2997 delitias
670 2916 752 3023 Jam
761 2914 1062 3017 accipite&hanc
1072 2936 1149 2994 non
1158 2915 1272 3015 asper

474 3058 638 3137 nandum
663 3038 858 3168 stultorum
887 3056 1038 3163 dotem,
1044 3044 1176 3159 quod
1206 3053 1273 3133 soli

474 3196 650 3302 {implices
671 3224 713 3278 ac
732 3165 881 3305 veridici
901 3196 989 3277 sunt.
1029 3160 1138 3293 Quid
1151 3210 1273 3276 autem

418 3363 423 3376 ¹
475 3343 638 3421 veritate·
658 3340 875 3419 laudatius?
914 3339 1136 3442 Quanquam
1176 3322 1282 3417 eninr¹
1355 3370 1359 3377 ’

331 3516 333 3519 ⁴
416 3464 435 3523 ’ρ
473 3481 727 3573 Alcibiadem
766 3481 865 3589 apud
903 3480 1095 3567 Platonem
1126 3501 1276 3585 proteu
