3259 4775
605 819 1027 892 urxnmtou’
1125 825 1198 908 tw

399 949 617 1034 suffecerint:
647 979 853 1057 quanquam
873 954 942 1030 illis
957 951 1038 1054 ipfis
1056 950 1216 1031 Demu'

399 1100 498 1174 eritis
517 1096 653 1174 rursum
674 1096 743 1172 alio
758 1093 976 1173 Democrito
985 1095 1079 1172 foret
1090 1119 1194 1195 opuS.
1322 1130 1324 1133 ·

400 1235 505 1330 Quin
530 1241 643 1314 etiam.
656 1236 866 1313 incredibile
887 1233 929 1312 fit
951 1211 1076 1324 diuu',
1104 1259 1199 1336 quos

400 1375 526 1463 ludos,
559 1401 645 1477 quas
668 1377 824 1463 delitias,
846 1375 1062 1454 homunculi
1076 1380 1198 1476 quoti-

306 1579 309 1585 ·
401 1516 459 1597 die
477 1519 658 1616 praebeant
678 1518 819 1618 superis.
837 1550 845 1558 ··
872 1516 970 1594 Nam
989 1515 1029 1592 hi
1050 1513 1199 1622 quidem

400 1657 507 1736 horas
537 1658 611 1736 illas
642 1658 803 1746 sobrias,
844 1659 882 1734 ἃ
906 1655 1200 1735 antemeridianas

320 1871 325 1882 .
400 1798 565 1895 jurgiosis
588 1799 908 1880 consultationibus
940 1797 1042 1897 (g),
1069 1822 1110 1876 ac
1135 1820 1201 1873 vo-
1249 1857 1252 1862 .

401 1941 446 2015 tis
469 1937 652 2015 audiendis
678 1942 899 2038 impartiunt
935 1939 1117 2048 Caeterum
1135 1939 1201 2015 ubi

401 2078 474 2172 jam
488 2077 626 2152 nestare
648 2077 817 2164 madent,
844 2102 963 2176 neque
979 2078 1080 2154 lubet
1099 2078 1202 2179 quic-

402 2239 513 2316 quam
526 2215 656 2294 serium
676 2229 802 2313 ageres,
830 2229 911 2293 tuna
926 2240 996 2316 qua
1010 2230 1109 2321 parte
1123 2241 1199 2294 coe-
1283 2217 1286 2220 ’

294 2343 299 2370 ”
401 2356 479 2435 lum
504 2380 613 2457 quam
631 2358 791 2433 maxime
816 2358 1021 2456 prominet,
1038 2333 1201 2434 'ibicon-

401 2497 515 2583 fident
537 2522 577 2575 ac
606 2500 730 2598 pronis
754 2497 965 2587 frontibus'‚
1008 2498 1096 2601 quid
1125 2501 1202 2597 agi-
1231 2605 1235 2614 Ι

402 2653 479 2721 tent
493 2639 907 2739 homines-speculantur.
948 2640 1029 2719 Nec
1044 2638 1201 2717 estaliud

398 2780 638 2882 spetiaculum
650 2780 717 2858 illis
729 2780 875 2859 suavius.
913 2780 1039 2859 Deum
1049 2784 1200 2886 immun.

401 2925 539 3014 talem,
562 2922 662 3024 quod
682 2921 864 3007 theatrum
883 2921 933 2995 est
954 2921 1067 3008 iilud,
1090 2945 1201 3022 quam

402 3072 520 3147 ,varius
543 3064 736 3143 stultorum
765 3060 972 3142 tumultus!
1010 3061 1108 3138 Nam
1129 3061 1201 3159 ipsa
1234 3075 1239 3087 '

401 3228 669 3310 nonnunquam
702 3209 740 3283 in
771 3204 941 3284 Deorum
967 3206 1201 3301 poeticorum

402 3357 465 3439 (g)
483 3363 563 3430 Lege!
577 3365 787 3433 Icaromenippum
811 3360 947 3425 Luciam,
976 3374 1054 3426 quem
1077 3351 1199 3412 uratum

405 3488 409 3495 .
471 3448 602 3501 latinitate
620 3450 742 3512 donavit,
770 3451 796 3503 u
810 3446 908 3501 rettius
928 3442 1059 3509 intelliges
1074 3444 1142 3497 hunc
1161 3442 1200 3495 lo-
1300 3461 1306 3481 1

472 3549 541 3591 cum.
579 3531 630 3587 Hie
644 3530 717 3585 locus
735 3542 806 3589 totus
824 3530 929 3599 iocosus
946 3529 999 3593 est,
1019 3531 1044 3585 ἃ
1063 3537 1151 3583 tamen
1159 3525 1203 3585 lu·¹

471 3619 536 3679 dens
551 3618 670 3689 depingit
684 3619 826 3690 imaginem
840 3619 901 3677 vita
918 3618 1044 3677 haume.
1080 3612 1112 3673 L
1142 3646 1155 3661 x
