3259 4775
465 859 542 946 176
665 873 669 882 ’
730 869 773 938 Μ,
788 870 821 929 n
843 871 866 930 r
886 872 904 929 r
924 869 953 928 A
978 869 1007 929 Σ
1043 849 1057 884 “·

470 972 625 1082 interest,
641 991 737 1078 autfi
754 993 843 1096 quid
852 994 1005 1081 interest,
1023 996 1149 1094 potior
1160 995 1270 1077 etiam

384 1233 387 1240 ,
467 1135 862 1213 stultorum.conditio.
891 1133 1054 1213 Primum
1071 1193 1082 1224 ,
1099 1139 1204 1238 quod
1225 1142 1268 1216 iis

414 1367 419 1375 .
465 1277 525 1354 sua
562 1277 707 1354 felicitas
739 1273 893 1354 mininio
925 1277 1088 1364 constat,
1122 1276 1265 1367 idest,

398 1521 400 1526 ,
465 1418 539 1495 sola
557 1415 847 1519 persuafiuncula
892 1415 1060 1507 Deinde,
1098 1420 1202 1520 quod
1226 1445 1268 1498 ea

465 1560 636 1640 fiuuntur
657 1583 743 1638 cum
763 1561 928 1659 plurimis
950 1565 1204 1638 communiter.

483 1788 489 1801 α
535 1701 653 1778 Porro
679 1698 812 1774 nullius
834 1698 924 1773 boni
941 1697 1100 1793 jucunda
1122 1699 1196 1773 {ine
1213 1700 1271 1776 so·'

466 1843 525 1917 cio
545 1835 715 1939 poiseffio.
772 1835 866 1932 Quis
894 1840 991 1915 enim
1010 1837 1120 1915 nescit
1135 1852 1267 1940 quanta

464 1981 663 2082 sapientum
684 1983 871 2080 paucitas,
898 1972 1060 2056 fimodo
1081 1979 1269 2082 quisquam

463 2121 693 2199 inveniatur?
732 2143 942 2222 quanquam
975 2141 1022 2198 ex
1036 2106 1103 2232 {ot
1135 2121 1268 2200 saeculis

465 2263 585 2340 Graeci
601 2263 737 2364 septem
757 2266 913 2339 omnino
932 2276 1143 2350 numerant,
1172 2285 1266 2362 quos

461 2428 524 2479 me
546 2403 694 2489 hercle,
721 2400 747 2475 fi
772 2404 853 2501 quis
874 2408 1071 2483 accuratius
1095 2406 1264 2493 excutiat,

462 2544 659 2643 dispeream
681 2539 708 2615 fi
730 2540 788 2615 vel
801 2536 1080 2642 semisupientem
1094 2547 1264 2635 inveniet,

463 2688 543 2763 imo
563 2680 590 2758 fi
609 2682 667 2759 vel
679 2684 848 2758 trientem
859 2686 928 2759 viri
936 2683 1110 2784 sapientis.
1139 2685 1267 2764 Proin·
1359 2694 1364 2710 '

463 2824 510 2903 de
538 2847 624 2903 cum
643 2826 736 2899 inter
755 2822 886 2901 multas
906 2820 1039 2903 Bacchi
1057 2826 1201 2915 laudes,
1223 2827 1267 2905 il·

459 2966 525 3044 lud
544 2965 736 3053 habeatur,
765 2979 808 3043 ut
823 2966 874 3041 est
899 2970 1131 3065 primarium,
1159 2968 1263 3065 quod

459 3110 572 3185 animi
598 3132 700 3185 curas
730 3104 849 3193 eluat,
875 3105 987 3206 idque
1015 3106 1060 3182 ad
1088 3108 1266 3204 exiguum
1357 3087 1360 3091 ’

1146 3225 1266 3304 modo

528 3364 585 3429 ris,
605 3360 781 3433 pondereque
794 3375 950 3430 quacunque
964 3362 1058 3416 divites
1071 3360 1205 3432 poffiient.
1228 3364 1266 3421 Ee

527 3451 563 3505 nb
579 3451 605 3503 id
622 3451 735 3503 minatur
753 3446 844 3517 gallo,
864 3448 932 3518 quod
945 3445 989 3505 suo
1005 3457 1081 3504 cautu
1095 3459 1193 3506 tantam
1205 3450 1263 3505 tett-

525 3538 631 3591 citatem
648 3534 833 3603 interrupiffet,
876 3536 958 3595 Extat
972 3536 1090 3611 dialogus
1104 3538 1137 3596 ab
1152 3532 1262 3597 ΜΝ
1299 3516 1306 3535 l

396 3652 398 3661 ,
527 3620 736 3695 nannenten.
772 3622 804 3683 L
