3259 4775
530 827 923 954 rrxom'ou.
1000 853 1015 964 J
1050 876 1128 949 :331

329 988 431 1077 tione
444 994 562 1105 usuri,
583 1020 740 1098 cumque
753 995 952 1099 interdieit,
974 1019 1020 1073 ne
1035 996 1153 1075 scru-'

327 1152 451 1217 tentur
464 1153 629 1239 tempora
640 1138 696 1215 vel
708 1148 894 1215 momenta
905 1149 1126 1235 temporum,

327 1279 515 1367 videlicet,
540 1302 588 1356 ne
610 1268 699 1381 quid
719 1272 871 1369 fiderent
886 1276 954 1354 suae
972 1277 1131 1377 pruden-

327 1422 411 1507 tiae,
439 1417 498 1495 sed
524 1421 611 1495 totis
639 1420 773 1495 animis'
791 1442 838 1501 ex
864 1417 898 1497 se
919 1416 1127 1517 penderent

327 1554 468 1637 Eodem
487 1561 664 1677 pertinet,
694 1558 797 1660 quod
812 1554 928 1643 „Deus
948 1557 1009 1644 ille
1034 1558 1132 1634 orbis
1228 1607 1237 1638 i

328 1696 539 1779 arclntestus
564 1702 879 1783 interminatione
899 1698 988 1801 quid
1015 1699 1061 1777 de
1077 1722 1133 1775 ar·

327 1836 418 1916 bore
436 1840 587 1927 scientiae
604 1818 850 1939 degustorent}
869 1840 1019 1942 perinde
1035 1837 1133 1941 quafi

327 1978 469 2058 scientia
493 1979 668 2059 felicitatis
698 1980 741 2059 fit
766 1948 961 2064 venenum.
1006 1980 1134 2075 Quan-

328 2145 440 2223 quam
460 2120 590 2202 Paulus
615 2134 736 2223 aperte
765 2121 982 2209 scientiam,
1021 2120 1134 2199 veluti

328 2260 516 2339 inflantem
565 2264 603 2343 &
649 2262 885 2364 perniciosam
933 2244 1132 2363 ,improbati

329 2401 456 2496 Quem
470 2381 805 2493 divus'Bernardus,
825 2408 980 2506 opinor,
1006 2404 1134 2505 sequu-

328 2557 408 2632 tus,
428 2558 593 2624 montem
615 2549 757 2625 eumin
778 2569 854 2647 quo
867 2545 995 2623 lucifer
1012 2544 1134 2622 sedem

330 2663 518 2773 statuerat,
534 2684 688 2784 scientie
701 2698 851 2762 montem
864 2688 1128 2788 interpretatur.

329 2819 486 2899 Fortasse
504 2847 573 2900 nee
590 2824 681 2900 illud
704 2806 950 2909 omittendum
970 2826 1133 2906 videatur

330 2975 609 3060 argumentum,
647 2931 928 3065 grutiosnrnpise
955 2965 1053 3065 apud
1077 2966 1133 3044 su-

329 3125 438 3202 peros
470 3100 685 3190 stultitiam,
729 3102 832 3203 quod
857 3103 944 3181 huic
963 3105 1134 3189 solidatur

330 3257 531 3322 erratorum
549 3243 678 3330 venia,
716 3241 863 3344 sapienti
881 3268 959 3322 non
979 3246 1133 3345 ignosci.

331 3397 414 3471 tur,
440 3383 538 3462 unde
562 3385 846 3474 rememorant,
873 3383 1025 3461 etiamst
1045 3360 1133 3485 pru-
1204 3466 1207 3497 ὗ

331 3523 456 3604 dentes
475 3495 724 3627 peccaverint,
741 3538 864 3606 tamen
877 3522 1030 3604 stultitiae
1042 3550 1132 3629 prae-
1149 3544 1153 3551 ’
