3259 4775
558 854 952 921 arrourou
1079 858 1149 938 xp

353 974 505 1057 insanus'
517 979 679 1061 insanum
699 980 810 1069 ridet,
842 1007 885 1059 ac
901 991 1069 1060 mutuam
1087 980 1155 1059 fibi

355 1120 581 1221 voluptatem
597 1114 753 1201 irivicem
774 1124 984 1199 ministrant
1018 1120 1155 1223 Neque

354 1252 442 1339 raro¹
463 1258 541 1337 fieri
571 1260 764 1353 videbitis,
796 1277 840 1341 ut
868 1266 985 1361 major
1012 1261 1156 1341 insanus

355 1402 604 1483 uehementius
625 1403 740 1481 rideat
760 1406 953 1481 minorent

399 1530 402 1537 ’
429 1540 574 1657 Verum
606 1542 682 1623 hoc
712 1544 861 1645 quisque
889 1543 1154 1644 felicior‚·quo
1191 1622 1197 1631 ,

353 1682 519 1784 pluribus
540 1680 666 1784 defipit
681 1684 823 1773 modis,
848 1684 1005 1767 Stultitia
1020 1682 1152 1783 iudice,

354 1823 472 1901 modo
506 1826 547 1899 in
578 1849 624 1901 eo
656 1848 790 1924 genere
821 1824 962 1902 insania
988 1837 1152 1912 maneat,

353 1963 459 2064 quod
477 1965 584 2041 nobis
604 1965 655 2041 est
669 1964 873 2064 peculiare,
889 1964 993 2065 quod
1005 1963 1158 2065 quidem

354 2100 558 2201 usqueadeo
585 2101 656 2177 late
681 2116 805 2201 patet,
832 2116 876 2179 ut
899 2103 998 2179 haud
1021 2092 1153 2189 sciam,

354 2263 459 2317 anex
472 2240 633 2319 universa
645 2238 857 2319 mortalium
868 2239 1007 2317 summa
1026 2263 1157 2341 quem·

354 2383 453 2484 piam
469 2380 575 2463 liceat
588 2382 768 2484 reperire,
795 2384 861 2483 qui
873 2380 1156 2462 omnibushoris

353 2522 463 2624 sapiat
485 2519 580 2614 (a),
612 2525 749 2624 quique
774 2545 854 2600 non
875 2522 1000 2624 aliquo
1016 2523 1157 2602 insania
1206 2600 1208 2605 ,
1243 2545 1247 2551 ·

355 2687 488 2764 genere
507 2677 680 2748 teneatur.
742 2661 964 2765 Quanquam
983 2662 1059 2742 hoc
1076 2677 1157 2742 tan-

273 2853 275 2860 1
355 2817 437 2882 tum
459 2803 604 2882 interest
624 2805 689 2905 qui
709 2805 934 2882 cucurbitam
952 2827 1038 2882 cum
1058 2804 1157 2884 videt
1187 2873 1191 2879 .

354 2945 547 3024 mulierem
557 2942 624 3048 effe
638 2943 770 3034 credit,
787 2942 875 3022 huic
884 2943 1007 3022 insano
1016 2961 1157 3022 nomen

355 3100 527 3188 ponunt,
553 3099 745 3188 propterea
768 3084 870 3189 quod
900 3088 1088 3186 perpaucis
1116 3085 1157 3164 id

355 3225 423 3302 ‚usu
449 3228 576 3304 veniat.
627 3223 769 3306 Verum
795 3227 860 3304 ubi
888 3228 969 3327 quis
997 3249 1156 3305 uxorem
1200 3195 1208 3211 x

228 3371 234 3386 ‘
355 3365 474 3452 suam,
502 3391 617 3466 quam
644 3390 732 3444 curn
761 3366 885 3444 multis
911 3364 1021 3443 habet
1052 3389 1156 3444 com·

354 3500 414 3578 (a)
430 3501 602 3558 Proverbiunr
621 3503 675 3570 est,
696 3505 830 3559 Neminem
852 3505 964 3558 onmium
982 3501 1155 3574 horisapere.

354 3599 359 3606 '
423 3584 564 3658 Marcell,
582 3590 687 3658 quim
702 3591 894 3664 aucutipecm.
929 3589 963 3646 1„
