3259 4775
644 921 970 964 m

413 955 468 1012 0,
555 981 559 986 ,

409 1032 453 1113 lis
470 1037 488 1130 (
523 1028 564 1122 ),
592 1033 825 1108 verumetiam
842 1029 1015 1108 tuendam
1032 1026 1209 1127 suscipies,

409 1173 541 1258 utpote
556 1156 621 1232 tibi
645 1155 824 1240 dicatam,
849 1156 994 1256 jamque
1012 1167 1112 1234 tuam
1130 1175 1210 1228 non

410 1307 557 1362 meam:
603 1277 747 1356 Etenim
776 1303 854 1355 non
886 1280 1036 1357 deerunt
1069 1272 1210 1354 fortaffe

321 1503 329 1518 Ι
410 1406 673 1504 vitilitigatores
696 1400 795 1495 (b),
828 1407 891 1505 qui
921 1404 1207 1488 calumnientur,

412 1534 545 1632 partim
568 1529 721 1607 leviores
752 1526 819 1605 elle
849 1553 992 1628 nugas,
1029 1551 1138 1629 quam
1168 1536 1211 1604 ut
1301 1571 1309 1584 ·

411 1654 630 1754 theologum
654 1654 829 1740 deceant,
856 1653 1212 1754 partimmordacio-

412 1805 499 1868 res,
538 1802 648 1880 quam
681 1792 724 1857 ut
755 1778 963 1857 Christiana
994 1779 1212 1856 conveniant

412 1904 614 1991 modestiae,
636 1928 778 2011 nosque
799 1903 1032 1984 clamitabunt
1052 1915 1213 1979 veterem

414 2028 635 2107 comoediam
668 2043 731 2106 aut
766 2027 970 2128 Lucianum
1005 2028 1213 2127 quempiam

413 2154 568 2244 referre,
593 2166 702 2255 atque
712 2155 836 2228 omnia
847 2151 1031 2238 mordicus
1045 2152 1208 2261 arripere.

414 2275 556 2356 Verum
579 2302 673 2378 quos
693 2278 898 2384 argumenti
920 2275 1074 2362 levitas,
1101 2273 1138 2348 &
1158 2271 1213 2350 lu-

413 2403 557 2485 dicrum
581 2402 754 2489 offendit,
784 2404 947 2500 cogitent
963 2400 1094 2487 velint,
1136 2418 1214 2495 non

414 2516 541 2608 meum
571 2527 645 2605 hoc
671 2526 887 2627 exemplum
915 2523 1002 2613 elle,
1028 2524 1087 2603 sed
1117 2523 1215 2601 idem

416 2658 489 2759 jam
509 2652 629 2729 olima
641 2654 782 2749 magnis
803 2642 989 2729 autoribus
1005 2649 1211 2727 finitarum.

417 2770 516 2873 Cum
538 2790 620 2859 ante
642 2790 701 2854 tot
717 2776 841 2873 saecula
864 2794 1216 2869 Βατρωχομυομωχιαιν

416 2900 537 2985 luserit
563 2899 783 2991 Homerus,
831 2900 940 2979 Maro
970 2890 1135 2979 'culicem
1178 2896 1216 2973 dr
1279 2914 1281 2919 ’

419 3038 478 3119 (a)
496 3040 743 3110 Hemistichiumest
760 3039 873 3104 Catulli,
894 3041 926 3093 nd
939 3040 1007 3107 quod
1024 3034 1118 3093 allusit.
1137 3034 1217 3089 Mne·
1253 3040 1256 3051 “

424 3180 428 3193 ,
486 3126 627 3197 mosynum
647 3136 738 3187 autern
750 3128 847 3185 dicitur
864 3126 958 3194 pignus
983 3130 1028 3177 aut
1043 3120 1218 3189 limilequip.

487 3213 559 3283 piam
574 3211 694 3266 relietum
706 3214 777 3281 apud
790 3212 922 3276 amicum,
949 3208 1018 3277 quod
1043 3206 1120 3261 illurn
1138 3200 1218 3259 nostri

487 3296 712 3369 commonefaciat
749 3296 781 3352 L.

305 3464 308 3468 1
423 3378 485 3453 (b)
502 3382 533 3437 ld
545 3382 601 3437 est:
621 3382 828 3449 mutilatores,
852 3396 917 3451 quos
936 3378 999 3432 Cato
1022 3382 1117 3429 novato
1137 3368 1218 3427 verbo

489 3469 589 3522 aritio
612 3470 638 3523 dt
662 3466 754 3523 morbo
771 3466 894 3535 litigandi
911 3463 1107 3529 vitilitigatotes
1131 3454 1220 3523 appel·

423 3596 428 3605 .
488 3550 579 3619 labat,
606 3560 637 3607 ut
655 3552 765 3627 testatur
782 3552 883 3605 Plinius
900 3552 928 3603 in
946 3547 1093 3615 praefatione
1114 3538 1219 3606 historia

487 3638 592 3701 mundi,
611 3638 657 3706 qui
671 3639 698 3694 dt
716 3636 809 3704 Zoili,
836 3636 863 3691 dr
878 3628 1113 3698 Homeromastiges
1129 3628 1220 3683 dicun-

417 3725 422 3741 ‘
488 3729 543 3786 tur,
578 3720 611 3781 B.
