3259 4775
357 912 515 1009 “¹70
666 934 1007 996 vurrrrraa

467 1086 607 1159 errent,
629 1096 728 1155 nunc
753 1075 969 1164 adulentur,
995 1096 1094 1152 nunc
1111 1070 1270 1179 prudern

464 1226 519 1291 tes
552 1216 791 1303 conniveant,
821 1241 926 1297 nunc
958 1215 1080 1325 aliquo
1114 1215 1271 1297 stultitiae

466 1353 574 1431 melle
588 1352 666 1432 sese
689 1356 870 1435 deliniant.
933 1355 1016 1460 Jam
1035 1356 1113 1440 haee
1130 1356 1202 1438 scio
1217 1358 1272 1437 ri·

466 1493 543 1573 deri
567 1499 745 1585 maxima,
769 1496 829 1574 sed
850 1496 1000 1576 audietis
1022 1500 1168 1595 maJ'ora.

541 1634 673 1735 Quaeso
694 1662 785 1717 num
806 1662 1016 1749 quenquam
1036 1640 1188 1725 amabit,
1205 1640 1272 1739 qui

330 1866 331 1872 Ν
465 1776 537 1877 ipse
558 1778 669 1869 semet
687 1776 836 1855 oderit?
861 1777 966 1861 Num
984 1802 1068 1862 eum
1089 1777 1161 1864 alio
1181 1803 1270 1857 con·
1333 1816 1348 1851 r·

467 1917 652 2005 cordabit,
680 1920 745 2023 qui
761 1917 882 1996 seeum
894 1918 965 2019 ipse
978 1915 1114 1999 diffidet
1125 1918 1143 1994 ἳ·
1167 1918 1272 1998 Num

351 2089 354 2097 ¹
466 2057 532 2136 ulli
549 2056 777 2158 voluptatem
789 2054 945 2148 adferet,
974 2062 1039 2161 qui
1057 2057 1273 2160 fibimetipfi

468 2198 511 2279 fit
540 2203 658 2299 gravis
697 2224 738 2281 ac
768 2202 972 2281 molestus?
1007 2200 1106 2284 Istud
1139 2205 1276 2308 opinor*

466 2363 579 2418 nemo
606 2341 759 2425 dixerit,
787 2341 853 2415 nisi
884 2343 948 2446 qui
968 2339 1010 2420 fit
1033 2340 1103 2444 ipsa
1131 2309 1274 2422 stultior

440 2517 445 2531 κ
468 2476 635 2561 Stultitia.
687 2476 801 2578 Atqui
824 2477 850 2552 sr
870 2479 929 2553 me
947 2476 1154 2566 excluseris,
1178 2478 1272 2559 adeo

468 2641 579 2700 nemo
614 2619 750 2722 poterit
781 2616 935 2700 alterum
966 2617 1091 2703 ferre,
1128 2630 1171 2700 ut
1199 2615 1273 2718 ipse

465 2761 575 2839 etiam
604 2755 667 2835 fibi
701 2756 852 2860 quisque-
883 2773 1029 2860 puteat,
1056 2757 1116 2837 sua
1138 2762 1272 2862 cuique

467 2899 674 2988 sordeant,
733 2895 798 2982 fibi
844 2900 994 3002 quisque
1031 2899 1074 2976 fit
1125 2900 1267 2982 invisus.

468 3039 781 3142 Quandoquidem
815 3041 853 3122 id
884 3025 969 3117 mali
1003 3057 1152 3130 natura,
1192 3066 1270 3123 non

460 3185 590 3286 paucis
616 3185 654 3262 in
682 3183 789 3262 rebus
822 3206 978 3261 noverca
1012 3151 1127 3282 magis
1160 3207 1271 3286 quam

466 3321 636 3428 parem,
682 3323 893 3402 mortalium
934 3327 1088 3423 ingeniis
1117 3325 1266 3412 insevit,

356 3461 359 3468 ’
467 3470 647 3569 praecipue
675 3464 784 3568 patilo
814 3465 1095 3556 comanorum,
1144 3482 1187 3548 ut
1218 3465 1270 3542 sui

468 3633 652 3709 quemque
671 3611 879 3710 poeniteat,
919 3608 1115 3687 admiretur
1143 3608 1265 3680 aliena.
