3259 4775
455 862 533 949 m
613 896 616 903 f
713 861 751 921 u
774 861 807 921 n
829 860 890 921 rr
913 858 943 923 A
963 860 994 921 z

453 984 639 1087 longeque
656 984 753 1063 aliud
772 983 966 1064 conditum
982 981 1115 1061 habere
1132 982 1173 1061 in
1186 990 1254 1086 pei

454 1126 576 1215 dore,
593 1125 699 1239 ‘aliud
712 1126 878 1203 sermone
895 1124 1041 1227 fingere.
1079 1125 1197 1205 Porro
1210 1130 1252 1203 in

453 1280 552 1345 turta
560 1247 749 1356 felicitate,
768 1280 891 1345 tamen
903 1266 1253 1346 hocnominePrin-

453 1411 551 1509 cipes
572 1408 663 1485 mihi
682 1407 851 1487 videntur
872 1407 1120 1498 infeliciffimi,
1147 1405 1252 1511 quod

453 1547 570 1637 deest,
602 1573 624 1625 a
644 1573 721 1651 quo
741 1573 871 1626 verum
891 1548 1058 1639 audlant,
1085 1551 1124 1626 δι
1142 1548 1253 1626 afferr-

375 1684 385 1691 ”
451 1703 586 1767 ratores
616 1712 686 1789 pro
721 1690 845 1763 amicis
880 1687 1012 1764 habere
1051 1703 1248 1787 coguntur.

451 1826 524 1905 Sed
545 1828 779 1905 abhorrente
797 1851 886 1905 vero
904 1825 1116 1929 Principum
1133 1852 1250 1919 auree,

441 1968 585 2079 ¹dixerit
604 1966 731 2069 niquis
754 1968 792 2045 dr
810 1967 879 2045 hac
898 1966 969 2071 ipsa
990 1968 1036 2047 de
1057 1969 1181 2059 musa,
1200 1969 1252 2047 sa·

450 2114 591 2216 pientes
619 2111 705 2187 istos
730 2109 912 2207 fugitant,
939 2109 1044 2211 quod
1062 2124 1254 2207 vereantur.

451 2256 600 2355 nequis
625 2253 719 2329 forte
741 2251 889 2328 liberior
916 2252 1060 2339 existat,
1085 2256 1151 2353 qui
1167 2277 1253 2331 vera

429 2463 433 2472 .
451 2395 589 2490 magis,
611 2414 722 2490 quam
737 2390 896 2488 jucunda
914 2393 1019 2495 loqui
1035 2393 1173 2471 audeat
1196 2393 1252 2472 Ita

452 2530 601 2632 quidem
615 2554 669 2607 res
688 2530 819 2619 habet,
846 2532 956 2610 invisa
974 2531 1137 2631 Regibus
1155 2534 1253 2610 ueri·

452 2685 515 2750 tas.
556 2670 627 2748 Sed
646 2685 769 2750 tamen
795 2669 871 2750 hoc
893 2673 1010 2774 ipsum
1030 2673 1122 2749 mire
1140 2674 1180 2750 in
1198 2671 1251 2750 fa-
1326 2675 1329 2680 ’

452 2816 525 2891 tuis
545 2789 633 2892 meis
658 2813 722 2892 usu
748 2817 871 2909 venit„
903 2827 954 2892 uu
969 2836 1048 2898 nou
1069 2838 1153 2892 vera
1168 2839 1253 2893 mo-

452 2955 524 3042 do,
549 2979 678 3032 verum
707 2957 815 3032 etiam
839 2968 960 3054 aperta
983 2958 1140 3032 convitia
1164 2977 1252 3032 curn

452 3095 640 3194 voluptate
661 3095 871 3181 audiantur,
898 3091 992 3170 adeo
1016 3109 1059 3172 ut
1077 3093 1177 3169 idem
1196 3091 1253 3168 di·

521 3249 585 3287 rem.
621 3233 695 3288 Tum
707 3235 815 3302 Satyrus
832 3229 939 3298 surgens
956 3231 1018 3299 qnid
1034 3230 1127 3294 nudie,
1145 3229 1253 3302 inquit,

520 3331 560 3381 Συ
570 3343 603 3378 τι
613 3344 648 3380 τε
661 3345 730 3380 am
747 3324 874 3393 caper&
895 3339 926 3373 u
942 3319 1037 3389 &erm
1046 3339 1091 3375 ur
1103 3340 1133 3374 r·
1144 3315 1253 3393 dum

520 3405 640 3473 ria-fur,
667 3405 694 3458 id
709 3403 765 3458 est:
798 3403 871 3455 Teme
884 3419 916 3452 ex
934 3400 1015 3452 todem
1032 3418 1073 3453 ore
1088 3402 1197 3456 culidem

459 3495 462 3502 '
513 3491 643 3559 frigidum
657 3489 755 3543 educti?
772 3488 834 3542 Non
854 3487 917 3539 mihi
936 3503 993 3540 rum
1006 3488 1098 3541 terrm
1116 3489 1163 3546 bad

520 3575 692 3632 commercium
707 3571 760 3643 ιβ,
778 3573 859 3644 idque
870 3572 958 3630 dicens
971 3572 1044 3632 abiit.
1078 3573 1114 3637 Ι,
