3259 4775
379 842 381 854 ’
447 883 498 963 34
708 888 742 947 u
767 888 799 951 o
828 891 887 951 nr
914 889 997 951 nn
1214 970 1228 981 ,-

306 1055 310 1063 ,
445 1034 596 1089 morum
627 1009 956 1113 diilmiilitudinem.
1009 1010 1114 1108 Quid
1148 1015 1249 1096 enim
1308 1013 1310 1020 ’

444 1156 601 1231 omnino
618 1157 756 1256 geritur
774 1159 868 1233 inter
882 1155 1054 1233 mortales
1072 1179 1151 1233 non
1162 1155 1249 1233 stul·

444 1296 530 1372 titiae
554 1294 705 1395 plenum
716 1320 740 1386 'r
755 1297 867 1399 idque
886 1322 905 1374 a
923 1296 1062 1385 stultis,
1089 1298 1126 1375 &
1150 1294 1250 1397 apud

444 1436 613 1515 stultos?
657 1436 773 1533 Quod
799 1436 830 1523 fi
858 1440 941 1539 quis
961 1435 1248 1521 unucuniverfis
1332 1449 1335 1460 “

388 1584 392 1596 '
444 1576 532 1655 velit
562 1578 800 1679 obstrepere,
840 1577 928 1656 huic
956 1574 1032 1676 e'go·
1060 1576 1245 1667 suaserim,

444 1733 488 1797 ut
511 1718 593 1811 (k)
616 1718 818 1797 Timonem
829 1722 1008 1805 imitatus,
1029 1720 1070 1793 in
1085 1717 1250 1795 solitudi-

382 1930 385 1938 .
432 1884 530 1937 nem
546 1861 703 1961 aliquam
717 1859 922 1959 demigret,
948 1872 1057 1961 atque
1079 1858 1132 1936 ibi
1150 1857 1247 1937 solus

443 2002 501 2081 sua
518 2002 655 2081 fruatur
676 2002 855 2102 sapientia.

450 2162 455 2172 “
517 2140 661 2222 Verum
679 2157 722 2221 ut
748 2142 794 2259 ad
818 2142 857 2220 id
878 2142 985 2248 quod
1000 2141 1269 2233 mltimeram,'.

442 2302 616 2363 revertar:
646 2309 726 2385 quae
747 2288 800 2361 vis
822 2286 971 2376 saxeos„
1000 2310 1181 2383 quernos,
1209 2286 1248 2360 &

443 2426 596 2522 agrestes
617 2423 701 2499 illos
717 2423 886 2498 homines
905 2426 944 2496 in
964 2426 1144 2499 civitatem
1161 2446 1247 2500 coe·

306 2649 308 2654 ,
442 2567 527 2662 git,
566 2559 631 2638 nifi
661 2559 858 2638 adulatio?
896 2559 999 2637 Nihil
1027 2564 1125 2638 enim
1147 2561 1247 2639 aliud

442 2691 615 2802 fignificat
638 2699 699 2777 illa
724 2698 944 2801 Amphionis
966 2699 1165 2803 &Orphei
1195 2705 1246 2780 ci-

442 2845 552 2923 thara
604 2841 699 2936 Qne
716 2867 773 2918 res
791 2842 936 2944 plebem
954 2839 1161 2922 Romanam
1170 2846 1246 2942 jam

443 2999 604 3064 extrema
626 2984 861 3073 molientem,
887 2988 927 3061 in
945 2986 1180 3064 concordiam
1195 2989 1246 3063 ci-

441 3130 559 3204 vitatis
583 3126 792 3204 revocavit?
825 3126 929 3204 Num
946 3131 1063 3207 oratio
1084 3128 1246 3230 philoso-

440 3279 506 3354 (lr)
524 3281 623 3337 Timon
646 3281 808 3337 Atheniensis
828 3280 938 3338 offensus
960 3283 1095 3338 hominum
1112 3284 1244 3352 moninus,

511 3367 575 3423 abiit
589 3367 616 3436 ip
633 3365 818 3433 solitudinem,
845 3371 871 3424 8:
887 3366 1037 3423 mortalium
1052 3370 1167 3424 omnium
1184 3389 1246 3426 con·

508 3440 695 3522 sortia'sngit,
720 3455 785 3508 adeo
810 3461 840 3508 ut
866 3451 1031 3522 sepulchrum
1048 3471 1151 3524 quoqne
1171 3455 1245 3509 illius

509 3557 525 3594 a
547 3541 695 3594 continente
713 3537 745 3594 stt
766 3540 844 3594 undis
864 3539 942 3593 marin
954 3536 1082 3595 avulsum.
1118 3539 1200 3595 Extat
1211 3539 1246 3594 dc
1312 3544 1316 3554 ‘

509 3623 681 3681 lnocLuciani
695 3625 812 3696 dialogus
830 3624 863 3681 ab
878 3621 985 3682 Erasmo
1004 3623 1103 3683 versus.
1138 3625 1171 3680 1„
