3259 4775
837 627 851 662 Ι

463 871 534 948 186
673 900 678 909 ·
712 875 748 934 M
772 877 805 936 Ω
830 877 851 935 Ρ
877 883 892 936 1
916 879 944 936 A
968 877 1021 937 Σ·
1057 903 1061 914 ·

458 1026 548 1088 nus,
563 998 747 1100 Lampsaci
769 1002 834 1091 (f)
854 1000 1012 1101 Priapus,
1032 997 1147 1078 modo
1166 999 1259 1079 mihi

457 1145 703 1230 communiter
728 1143 826 1218 orbis
856 1110 975 1218 omnis
1004 1141 1115 1242 longe
1136 1147 1259 1244 potio·

459 1307 515 1360 res
536 1283 693 1358 viiiimas
720 1280 850 1358 affidue
863 1285 1032 1383 praebeat.

530 1422 650 1524 Atque
677 1420 702 1496 fi
733 1426 793 1498 cui
823 1423 949 1499 videor
981 1423 1057 1500 hacc
1090 1423 1256 1500 audacius

458 1587 568 1666 quam
590 1565 707 1639 verius
732 1562 873 1646 dicere,
904 1565 1061 1662 agedum
1084 1565 1263 1664 paulisper.

457 1705 545 1804 ipsas
566 1704 759 1781 hominum
789 1706 878 1779 vitas
904 1677 1149 1802 inspiciamus,
1180 1727 1259 1802 quo

458 1845 576 1946 palam
594 1846 678 1932 fiat,
708 1847 745 1922 &
773 1846 949 1944 quantum
972 1844 1062 1920 mihi
1081 1845 1258 1932 debeant,

459 1989 499 2062 ἃ
521 1989 649 2090 quanti
667 2011 726 2061 me
747 1985 877 2062 faciant
898 1989 1046 2061 maximi
1065 1987 1196 2086 pariter
1216 2009 1258 2062 ac

456 2130 610 2224 minimi.
641 2127 689 2205 At
704 2129 782 2204 nun
805 2127 1053 2228 quorumlibet
1075 2129 1185 2204 vitam
1203 2151 1258 2204 re-

459 2237 690 2355 censebimus,
710 2295 795 2346 nam
809 2269 846 2344 id
860 2269 1007 2378 quidem
1023 2269 1255 2368 perlongum,

459 2432 586 2486 verum
599 2408 791 2507 infignium
802 2424 963 2499 tantum,
989 2409 1085 2488 unde
1099 2408 1256 2510 reliquos

459 2549 561 2626 facile
585 2548 627 2627 fit
650 2551 828 2629 aestimare.
882 2551 985 2645 Quid
1013 2553 1109 2628 euim
1131 2552 1257 2626 attinet

460 2692 505 2769 de
523 2692 657 2790 vulgo,
681 2690 939 2793 plebeculaque
955 2714 1256 2778 commemorare,

459 2858 540 2934 quae
560 2836 648 2913 citra
670 2832 950 2912 controversiam
979 2847 1056 2911 tota
1079 2857 1158 2909 mea
1182 2827 1257 2909 est'?

370 2970 374 2978 ’
458 2987 517 3051 tut
536 2979 633 3051 enim
652 2975 813 3076 undique
826 2973 990 3051 Stultitiae
1006 2973 1132 3051 formis
1147 2975 1259 3049 abuu-

459 3115 549 3203 dat,
586 3118 702 3191 tutin
726 3116 799 3192 dies
820 3139 931 3191 novas
954 3113 1254 3201 comminiscitur,

459 3270 502 3334 ut
522 3280 591 3332 nec
617 3256 715 3333 mille
738 3254 944 3335 Democriti
967 3254 1148 3331 adcantus
1171 3252 1257 3331 risus

459 3434 520 3508 (f)
538 3436 668 3507 Oppidum
689 3435 725 3490 est
743 3435 811 3491 circa
828 3434 956 3506 angustias
965 3433 1193 3503 Hellespontiacas,
1204 3450 1259 3491 non

525 3522 664 3592 proculab
685 3521 797 3592 Abydo,
825 3521 871 3575 ubi
891 3521 999 3593 Priapus
1016 3520 1168 3591 colebatur.
1206 3518 1256 3575 ·De

525 3607 575 3664 hcc
589 3606 692 3663 Plinius
707 3608 749 3667 lib.
769 3619 793 3674 ς.
829 3604 861 3663 L.
