3259 4775
602 835 1002 958 arromrom
1154 883 1201 972 ss

399 1037 472 1118 risu
491 1053 691 1140 temperare
713 1061 902 1138 nequeam.
956 1033 1005 1112 At
1026 1034 1129 1122 satius
1155 1036 1206 1116 est

400 1180 442 1255 in
470 1180 526 1257 his
544 1177 778 1279 Harpocratis
797 1175 1018 1265 meminille,
1047 1201 1093 1252 ne
1122 1143 1204 1278 quis

399 1319 497 1398 sorte
521 1345 590 1398 nos
610 1343 761 1420 quoque
783 1313 835 1415 (s)
860 1315 1208 1421 Corycaeuafaliquis

398 1457 504 1539 Deus
526 1459 721 1547 auscultet3
746 1484 790 1536 ca
806 1471 1019 1546 narrantes,
1052 1427 1136 1560 qua
1157 1483 1204 1535 ne

398 1599 554 1681 Momus
564 1602 873 1704 quidemimpunc
885 1599 1129 1702 proloquutue
1139 1599 1198 1676 est.

455 1741 526 1821 Sed
532 1745 604 1841 jam
614 1754 758 1842 tempus
770 1741 832 1828 est,
850 1755 892 1820 ut
903 1741 948 1820 ad
959 1739 1202 1820 Homericum

398 1883 583 1982 exemplar
604 1882 733 1960 relictis
761 1881 956 1961 Coelitibus
991 1861 1141 1960 uicilfim
1162 1885 1201 1964 in

1285 1439 1301 1495 s

398 2056 454 2128 (a)
474 2059 589 2127 Corycus
607 2076 681 2112 mons
700 2067 755 2114 erat
775 2059 927 2126 Pamphiliae
945 2058 1073 2127 percelsus
1094 2077 1123 2113 ac
1141 2075 1201 2126 por·

431 2139 434 2142 ’
467 2141 574 2206 tuosne,
600 2147 678 2210 atque
698 2145 731 2196 ob
747 2144 774 2197 id
795 2151 947 2211 pyratarum
966 2142 1063 2198 inultis
1077 2152 1201 2212 opportu-

466 2244 533 2290 nus,
552 2244 615 2296 quos
633 2225 665 2280 ab
683 2245 713 2281 eo
732 2235 820 2282 monte
839 2227 972 2296 Corycaeoa
991 2227 1125 2282 vocabant.
1162 2226 1200 2282 Hi

432 2312 434 2317 ’
466 2327 561 2387 novam
581 2309 716 2365 infidiaudi
739 2318 821 2366 artem
841 2311 1028 2380 excogitabant.
1066 2313 1199 2381 Siquidem

465 2396 570 2465 dispersi
588 2414 634 2465 per
650 2405 739 2465 portus
754 2398 849 2467 Coryci
870 2400 964 2453 montis
986 2395 1125 2453 miscebant
1147 2397 1198 2453 sese

464 2470 672 2550 negociatoribus
695 2490 726 2537 ut
745 2486 842 2553 quique
861 2482 928 2539 forte
950 2482 1120 2553 appulerant,
1140 2482 1199 2539 sub-
1272 2486 1274 2491 '

465 2566 655 2631 auscultantes,
675 2570 767 2638 ecquid
780 2585 866 2623 rerum
881 2577 1013 2637 portarent
1024 2571 1049 2625 Sc
1059 2586 1110 2639 quo
1125 2572 1199 2631 nani-¹

465 2669 526 2721 gare
541 2650 719 2717 destinabant,
745 2654 857 2722 denique
869 2671 920 2722 quo
936 2662 1052 2723 tempore
1068 2657 1198 2710 decrevis-

463 2735 520 2792 sent
537 2736 643 2792 solvere.
682 2738 744 2802 Quae
768 2736 921 2808 limulatque
947 2748 1136 2807 cognoverant,
1156 2757 1199 2795 re·
1241 2779 1246 2801 r

463 2823 622 2877 nunciabant
638 2823 753 2891 pyratis,
773 2841 833 2877 cum
852 2824 946 2893 quibus
962 2822 1106 2879 societatem
1119 2821 1196 2877 m'nri.

463 2908 589 2962 timorum
604 2906 798 2962 latrociniorum
808 2908 971 2962 exercebant.
1008 2909 1092 2977 Atque
1103 2910 1139 2964 ita
1148 2927 1196 2977 per

463 2989 620 3050 occasionem
636 2993 732 3060 pariter
745 2985 849 3056 adorti,
876 2994 1026 3059 navigantes
1041 2992 1198 3061 spoliabant.⁴

463 3075 527 3140 Quae
541 3092 581 3129 res
593 3076 638 3131 ubi
654 3078 838 3132 mercatoribus
854 3074 915 3133 ellet
931 3086 1084 3143 comperta,
1109 3079 1194 3147 plera-

462 3177 515 3229 que
529 3160 694 3217 occultabant
704 3179 734 3215 ac
743 3160 936 3218 diffimulabant
948 3160 1096 3216 infidinrum
1110 3171 1191 3217 metu.

462 3246 580 3300 Sericum
591 3263 624 3299 ne
634 3245 778 3315 sicquidem
786 3246 915 3312 laterent,
929 3247 1094 3301 odorantibus
1106 3249 1193 3301 omnia

462 3329 608 3397 Corycaeis,
628 3347 668 3389 ree
682 3326 709 3384 in
727 3332 894 3399 proverbium
915 3332 998 3386 abiit:
1018 3356 1097 3392 nora
1116 3355 1193 3404 eugo-

462 3438 534 3472 uur
546 3414 697 3489 ηιςηζιπ,
716 3418 734 3471 i.
754 3435 778 3471 e.
795 3416 865 3471 bunc
878 3409 1012 3485 Corynaeus
1026 3415 1188 3471 auscultavit.

400 3553 406 3560 ,
462 3494 501 3550 De
516 3512 544 3550 re
556 3499 721 3557 vehementer
734 3500 904 3569 dissimulata,
914 3499 1068 3569 deprehenlr
1078 3503 1188 3556 tandem.

461 3580 548 3639 MSC.
