3259 4775
570 792 982 896 nrunmrom
1103 826 1180 907 ηρ

360 949 555 1054 ’1ιοιιιίι1εξ1
572 952 693 1035 suares
713 1004 744 1045 ,-
767 952 801 1033 se
824 954 890 1037 suo
904 950 1039 1033 officio
1062 958 1181 1057 probe

288 1096 289 1103 ‘
373 1098 582 1223 perfimdm
600 1098 728 1194 ajunt,
755 1093 782 1174 {i
800 1096 964 1198 preculas
978 1096 1059 1175 ‘illas
1076 1097 1178 1191 suas,
1265 1145 1272 1153 —

373 1254 563 1340 utcunque
591 1241 937 1348 permurmurarint,
972 1241 1083 1341 quas,
1118 1263 1181 1337 me
1300 1263 1301 1268 ‘

375 1378 535 1462 Hercule
555 1377 734 1471 demiror,
769 1380 897 1483 liquis
914 1377 1019 1460 Deus
1040 1379 1099 1459 vel
1117 1406 1182 1460 au-

375 1520 471 1608 diat,
507 1520 568 1599 vel
585 1520 780 1623 intelligat,
817 1514 991 1624 cumipfi
1012 1522 1087 1598 fere
1110 1546 1181 1603 nec

376 1658 545 1748 audiant,
572 1684 641 1741 nec
659 1660 885 1763 intelligant,
911 1664 994 1742 tum
1015 1686 1102 1742 cum
1121 1688 1182 1742 ear
1300 1754 1309 1766 .

376 1824 441 1879 ore
463 1802 698 1905 perstrepunt.
752 1801 895 1886 Verum
922 1800 998 1885 hoc
1030 1805 1182 1909 quidem

376 1939 631 2061 Sacerdotibus
661 1946 712 2025 est
740 1969 827 2025 cum
854 1946 1053 2047 prophanis
1077 1972 1182 2059 oom-

245 2104 249 2113 ’
374 2106 509 2174 mune,
535 2099 579 2162 ut
598 2084 644 2162 ad
663 2084 904 2161 emolumenti
924 2084 1070 2187 mellem
1087 2089 1181 2189 vigiq

374 2224 452 2306 lent
470 2248 600 2333 omnes
617 2282 629 2315 ,
667 2248 788 2327 neque
807 2225 997 2327 quisquam
1011 2226 1066 2315 ibi
1081 2226 1180 2326 leges

374 2368 521 2468 ignoret
544 2368 633 2465 (u).
658 2365 858 2448 ‘Caterum
871 2363 899 2444 ss
914 2366 1003 2475 quid
1023 2370 1176 2459 sardinae,

370 2509 411 2590 id
432 2507 630 2611 prudenter
659 2511 700 2586 in
729 2509 866 2588 alienos
896 2508 1181 2610 humerosreji-

235 2665 238 2670 ’
369 2653 503 2739 ciunt,
543 2652 580 2727 δι
605 2649 682 2734 aliis
707 2651 767 2771 alii
784 2665 961 2754 tanquam
981 2652 1094 2754 pilam
1115 2678 1182 2756 per

375 2790 672 2870 manustra-dunt
724 2790 912 2893 Siquidem
930 2792 1011 2870 laici
1020 2814 1182 2896 ,quoque

372 2926 577 3032 Pnncipem
603 2929 918 3043 quemadmodum
931 2929 1049 3031 partes
1066 2933 1181 3012 admi·

293 3099 296 3112 ·
370 3073 547 3154 vnistrandi
566 3076 669 3174 regni
690 3074 830 3155 vicariis
847 3059 1037 3173 delegant,
1065 3074 1104 3150 &
1127 3077 1181 3152 ri·
1270 3142 1277 3146 .
1364 3090 1366 3095 ·

379 3218 494 3294 carius
515 3217 603 3294 item
625 3217 760 3295 vicario
786 3213 895 3293 tradit
918 3272 930 3304 ‚
969 3219 1018 3297 ita
1039 3208 1180 3316 pietatis
1219 3224 1222 3230 ’

378 3346 445 3421 (u)
462 3349 500 3409 Ut
515 3355 547 3410 de
564 3357 691 3424 decimis,
710 3356 741 3412 de
753 3355 987 3427 oblationibus‚de
994 3354 1181 3426 immutant,
1284 3423 1289 3435 ,

448 3437 618 3510 &presbyteri
630 3441 722 3508 duplici
735 3441 822 3496 bonore
842 3441 914 3507 digni
924 3439 998 3502 sum.
1033 3440 1072 3495 Er
1087 3443 1132 3514 qui
1144 3443 1183 3498 ab

348 3533 351 3546 ‘
444 3525 613 3604 durisrrvitn,
630 3525 750 3582 uruat?
763 3528 853 3588 viva&
883 3523 923 3580 J.

882 3645 886 3653 ¹
948 3607 985 3690 Τ
