3259 4775
444 850 516 963 mr
699 889 1027 955 nontin·
1170 871 1174 875 “

441 1016 665 1117 preoptavit
702 1013 868 1106 Videtis,
893 1010 1047 1117 opinor,
1075 1016 1165 1121 quid
1181 1017 1245 1097 luss

440 1172 567 1239 turum
595 1154 662 1246 lit,
687 1155 715 1235 fi
736 1155 860 1259 pallini
885 1158 1020 1260 sapiant
1047 1157 1238 1237 hominen:
1313 1147 1346 1271 J

440 1325 575 1401 nempe
602 1301 715 1383 altero
736 1300 837 1390 luto,
872 1301 987 1379 altero
1018 1300 1134 1406 figulo
1151 1300 1243 1381 Pro-

439 1442 589 1521 metheo
612 1467 709 1544 opus
730 1442 819 1523 fore.
846 1441 990 1553 Verum
1010 1468 1083 1544 ego
1109 1446 1241 1547 partim

439 1608 506 1685 per
536 1588 801 1684 ignorantiam,
836 1587 970 1684 partim
998 1611 1065 1686 per
1099 1587 1243 1684 incogi-

437 1730 615 1813 tantiam,
644 1746 911 1821 nonnunquam
930 1747 996 1822 per
1015 1723 1241 1803 oblivionem

438 1868 649 1951 malorum,
677 1856 873 1964 aliquando
900 1863 1002 1965 spem
1025 1865 1238 1958 bonorum,

407 2018 409 2023 ’
437 2007 630 2110 aliquoties
659 2004 829 2081 nonnihil
850 2004 969 2083 mellis
993 2004 1241 2105 voluptatibus

437 2148 646 2251 aspergens,
681 2149 730 2225 ita
742 2148 850 2225 tantis
869 2149 909 2223 in
931 2146 1033 2228 malis
1056 2146 1241 2234 succurro,

438 2305 482 2369 ut
512 2317 559 2367 ne
583 2305 665 2367 trun
690 2288 841 2390 quidem
866 2288 977 2365 libeat
1001 2291 1113 2365 vitam
1131 2287 1243 2364 relin-

439 2454 572 2531 quere,
605 2453 691 2506 cum
708 2428 833 2506 exalto
861 2428 1052 2507 Parcarum
1076 2427 1237 2516 stamine,

438 2569 510 2670 ipsa
530 2567 744 2667 jamdudum
766 2593 830 2647 eos
843 2571 1014 2670 relinquit
1028 2571 1120 2657 vita,
1145 2593 1240 2670 quo-

439 2712 647 2812 queminus
667 2707 709 2788 srt
726 2711 856 2797 causae,
872 2735 936 2790 cur
947 2713 986 2787 in
1006 2712 1079 2786 vita
1093 2735 1240 2788 manere

439 2853 614 2939 debeant,
638 2851 712 2932 hoc
735 2850 850 2952 magis
871 2854 972 2950 juvet
991 2855 1132 2940 vivere,
1160 2865 1241 2929 tan-

276 3035 283 3048 ·
438 3005 520 3070 tum
541 2993 658 3081 abest,
694 3008 736 3072 ut
759 2993 838 3074 ullo
861 2997 941 3071 vitae
957 2993 1066 3070 taedio
1088 3007 1238 3091 tangam

438 3148 507 3212 tur.
562 3133 642 3212 lllei
668 3137 843 3214 nimirum
861 3137 1022 3213 muneris
1043 3134 1109 3220 est,
1135 3129 1239 3236 quod
1276 3114 1279 3119 ’

437 3274 561 3379 pallam
593 3274 767 3354 Nestorea
802 3275 939 3352 senella
967 3273 1065 3349 senes
1087 3262 1270 3362 videtis,'

439 3419 571 3518 quibus
589 3419 662 3514 jam
681 3440 728 3492 ne
749 3415 882 3514 species
905 3413 1055 3514 quidem
1076 3415 1238 3492 hominis

437 3557 615 3662 superest,
643 3547 802 3644 balbos,
837 3553 994 3648 deliros,
1020 3555 1237 3658 edentulos,
