3259 4775
462 877 514 948 30
721 871 758 931 Μ
777 870 815 930 Ὠ
842 877 863 930 P
886 867 953 938 [A
975 867 1006 928 Σ

459 1015 528 1115 qui
548 1013 625 1100 vir,
667 1010 838 1100 obsecro,
870 1008 1093 1088 matrimonii
1112 1003 1266 1108 capistra

458 1153 551 1236 *velit
575 1153 818 1259 praeberent,
837 1149 864 1228 sr
882 1149 1192 1253 quemadmodum
1211 1146 1267 1226 isti

365 1371 375 1408 ,
459 1295 636 1396 sapientes
671 1293 786 1371 facere
823 1267 1120 1380 constraverunt,
1166 1292 1268 1390 prius

463 1439 542 1532 ejus
564 1439 645 1511 vitae
665 1432 902 1513 incommoda
924 1434 1044 1512 secum
1066 1429 1270 1534 perpenda-

328 1594 348 1622 “-
464 1575 552 1653 rit?
591 1575 667 1654 Aut
696 1601 777 1677 quae
807 1575 958 1652 tandem
986 1574 1117 1651 mulier
1131 1593 1134 1600 ’
1148 1575 1268 1653 virum

462 1715 656 1794 admiffura
669 1714 732 1803 fit,
754 1714 919 1816 sipartus
933 1703 1153 1815 pericuiosos
1165 1713 1269 1792 labo·

464 1881 543 1946 res,
570 1855 834 1934 fieducationis
846 1855 1068 1942 molestiam,
1087 1855 1146 1938 vel
1155 1857 1265 1943 norit,

464 1996 525 2076 vel
549 1995 742 2095 cogitarit?
767 1994 886 2073 Porro
909 1992 935 2071 fi
960 1997 1140 2094 conjugiis
1160 1994 1269 2072 deba

367 2199 371 2204 .
464 2141 512 2228 tis
524 2141 655 2224 vitam,
674 2137 891 2235 conjugium
900 2149 1020 2242 autern
1030 2135 1166 2214 debetis
1175 2157 1270 2240 arona

434 2254 437 2261 Ι
466 2277 705 2379 pediffequae,
734 2275 826 2352 mihi
840 2280 1015 2354 nimirum
1032 2277 1270 2378 quiddebea·

458 2422 544 2507 tis,
582 2414 791 2513 inteth'gitis.
848 2414 949 2493 Tum
969 2442 1049 2521 quae
1068 2418 1176 2495 semel
1191 2418 1268 2498 haec

425 2589 428 2594 ·
458 2570 636 2659 experta,
664 2553 786 2633 denuo
806 2552 967 2657 repetere
978 2558 1069 2637 neiit
1082 2556 1270 2653 nifianina

458 2699 618 2801 ‚praesens
643 2720 781 2775 numen
803 2696 987 2777 adfuerit?
1024 2684 1156 2802 Nequi}
1177 2725 1269 2781 vero

460 2839 508 2921 id
545 2837 674 2917 Venus
707 2837 808 2938 ipsa,
847 2838 905 2917 vel
941 2845 1021 2937 (0)
1052 2840 1269 2925 reclamante

525 2964 606 3044 stara
620 2978 702 3042 dixit,
721 2994 799 3047 quarn
822 2993 869 3032 nas
891 2982 972 3034 vitam
989 2988 1039 3037 aut
1054 2980 1114 3035 vitae
1132 2983 1267 3037 materiam

537 3063 668 3133 appellare
692 3059 822 3131 possimns.
865 3063 951 3119 MSC.
988 3062 1092 3121 ‚Hunc
1111 3082 1266 3131 numerum,

344 3157 346 3166 '
462 3194 468 3209 ,
539 3147 609 3218 quast
635 3148 667 3203 ad
678 3150 780 3222 ¹animae
799 3147 982 3216 perfectionem
997 3151 1184 3217 pertinentem,
1203 3151 1268 3206 adeo

537 3235 655 3289 venerati
674 3232 734 3289 sunt
748 3234 911 3302 Pythagoran
926 3236 1111 3300 intermeant,
1131 3242 1161 3289 ut
1184 3252 1217 3290 ex
1235 3253 1269 3292 en
1364 3252 1371 3262 ·

539 3305 566 3374 ’ἃ
579 3318 749 3385 jurisjurandi
765 3318 916 3385 religionem
931 3318 977 3373 {ibi
996 3318 1114 3373 fecerint.
1152 3321 1184 3375 B.

466 3397 531 3473 (ο)
549 3404 615 3457 Nam
635 3406 657 3457 is
684 3405 712 3456 in
730 3403 845 3457 carmine
867 3400 911 3456 suo
938 3403 1032 3458 tribuit
1060 3404 1154 3459 Veneri
1179 3422 1268 3465 rerum

537 3482 654 3544 omnium
666 3486 853 3557 gignendarum
869 3488 923 3541 vim
939 3526 947 3553 ‚
970 3506 999 3543 ac
1011 3490 1195 3560 principatum.
1231 3493 1269 3558 L.

537 3572 585 3631 tn
600 3574 698 3694 ειιίιιιιχ
703 3572 791 3633 Venus
804 3572 858 3633 fine
871 3570 980 3632 stultitia
994 3592 1092 3633 manta.
