3259 4775
424 867 500 942 am
691 863 964 924 Mortuo

422 983 586 1064 attaliam
615 989 828 1086 pecuniam,
855 981 923 1061 nifi
942 982 1065 1084 digitis
1097 981 1238 1085 duplici
1299 1089 1304 1095 ³

422 1125 629 1204 chirotheca
650 1111 825 1203 munitis.'
853 1123 956 1203 Alius
976 1123 1155 1202 cucullam
1177 1128 1237 1201 in-

423 1281 526 1366 geret
546 1259 637 1344 adeo
655 1265 836 1344 sordidam
848 1267 886 1344 &
904 1265 1068 1354 mallum,
1091 1280 1134 1345 ut
1149 1267 1237 1352 nul-e

421 1407 478 1486 lus
503 1421 611 1486 nauta
634 1406 698 1485 suo
726 1407 899 1505 dignetur
918 1433 1084 1510 corpore.
1116 1407 1235 1486 Com-

420 1550 639 1626 memorabit
668 1548 757 1626 alius
779 1549 812 1628 le
839 1550 1029 1650 plusquam
1059 1549 1233 1628 undecim

330 1702 333 1708 ’
419 1689 537 1770 lustris
560 1690 718 1790 spongiae
737 1692 850 1766 vitam
871 1687 999 1788 egiffe,
1018 1680 1236 1789 semperiei-‘·

333 1935 336 1942 1
420 1830 506 1908 dem
535 1827 685 1908 affixum
702 1829 831 1946 ‘locor
861 1828 964 1908 Alius
989 1853 1136 1908 raucam
1156 1825 1232 1919 alli-

422 1969 498 2050 duo
521 1984 772 2048 cantuvocem
789 1969 965 2050 adducet:
977 1972 1079 2050 Alius
1097 1970 1231 2047 lethar-

420 2137 512 2220 gum
540 2111 732 2192 solitudine
765 2115 1025 2192 contraitum:
1050 2113 1139 2191 alius
1161 2111 1234 2190 lin-
1346 2080 1351 2088 ’

350 2257 353 2271 ’
380 2290 387 2350 j
420 2276 533 2351 guam
551 2256 631 2353 jugi
654 2253 793 2332 silentio
823 2269 1034 2366 torpentem
1056 2253 1149 2342 (c).
1180 2251 1232 2330 At

421 2392 585 2473 Christus
607 2393 859 2491 interpellatis,
883 2379 1072 2493 nuriquam
1093 2394 1233 2494 alioqui

374 2562 378 2615 ς
421 2529 585 2609 finiendis
593 2530 740 2629 gloriis,
753 2530 851 2605 unde
862 2555 946 2607 nam
956 2531 1049 2617 hoc,
1063 2534 1226 2631 inquiet,
1255 2559 1259 2571 ·

368 2744 371 2774 ,Λ
422 2690 561 2747 novum
586 2666 800 2770 Judaeorum
813 2671 959 2769 genus?
983 2670 1138 2749 Unicam
1156 2696 1229 2772 ego
1257 2682 1261 2694 i

421 2812 541 2910 legem
553 2834 637 2889 vere
657 2834 777 2895 meam
799 2813 977 2913 agnosco,
1004 2813 1049 2891 de
1066 2835 1137 2915 qua
1155 2780 1229 2893 iola

360 3004 365 3053 3
422 2950 511 3030 nihil
544 2954 662 3031 audio.
696 2950 743 3033 Et
779 2954 869 3033 olim
889 2956 1020 3056 palam
1052 2954 1230 3055 nulloque

237 3094 239 3113 '
360 3108 364 3138 ³
421 3094 672 3195 parabolarum
687 3108 791 3174 utens
804 3096 1019 3185 involucro,
1040 3110 1229 3198 paternam
1328 3118 1363 3210 J

355 3272 363 3298 ν
422 3248 478 3320 (o)
496 3252 563 3317 Nam
578 3250 706 3307 certafua
726 3251 823 3307 habent
841 3248 952 3308 filenna.
989 3252 1027 3308 Hi
1044 3252 1149 3307 Fratres
1171 3250 1220 3309 fri-

489 3338 556 3406 gidis
570 3338 698 3407 praecipue
714 3338 812 3409 morbis
827 3335 887 3392 lunt
905 3338 1029 3402 obnoxii,
1056 3338 1144 3408 quales
1162 3336 1223 3394 sunt

490 3416 654 3490 epauleum,
681 3418 804 3491 paralylis
817 3415 828 3489 ‚¹
854 3430 981 3489 tortura,
1007 3422 1172 3491 lethargus,
1197 3424 1225 3478 dc

490 3505 614 3585 spalmus.
652 3507 728 3563 Unde
743 3508 840 3563 multos
854 3508 921 3564 tales
936 3509 1008 3575 vidi,
1027 3511 1073 3579 qui
1089 3509 1223 3578 linguam,

374 3612 377 3621 ·
489 3608 551 3645 narn
565 3594 617 3646 hac
632 3608 691 3647 curn
707 3594 798 3665 primis
819 3594 927 3649 humida
946 3593 997 3661 est,
1016 3592 1227 3664 paralyfiyitia·

489 3683 561 3741 tam,
580 3694 689 3734 movere
704 3696 756 3735 non
772 3678 881 3750 pulsent.
918 3680 950 3736 l.
