3259 4775
980 289 985 299 ⁴
1150 307 1158 332 t

942 342 960 386 ‘j'
983 365 994 387 J
1140 333 1153 383 -Ι
1173 341 1180 355 ”

941 413 945 422 ,
982 373 1121 467 ’β’ῌῗ]
1139 401 1157 431 ι(

924 434 968 490 '5¹1
1036 435 1043 457 θ
1133 419 1179 480 ἰή,

428 813 977 934 '3'rrnon10m
1105 836 1179 927 um

346 969 349 978 ‘
451 949 509 1038 Ad
559 959 695 1038 horum
749 956 956 1035 felicitatem
1009 931 1193 1060 proxime·

378 1073 556 1178 secedunt
589 1096 645 1188 n,
686 1101 748 1199 qui
784 1097 818 1174 re
852 1097 966 1198 vulgo
994 1099 1182 1201 neturus

377 1265 420 1318 ac
430 1225 626 1316 Monachus
646 1237 919 1340 (t),uppellant;
942 1253 1100 1342 utroque
1117 1243 1182 1320 fal-

376 1377 505 1457 fiffimo
539 1382 784 1479 cognomine,
820 1380 958 1456 eum&
976 1381 1072 1456 bona
1098 1407 1181 1481 pars
1224 1359 1235 1364 ’

375 1507 528 1600 istorum
546 1495 747 1622 longifflme
773 1519 860 1597 abfit
880 1535 900 1596 a
924 1518 1122 1618 religione,
1142 1523 1182 1597 &

375 1661 467 1740 nulli
498 1665 612 1760 magis
638 1662 809 1748 omnibus
844 1660 936 1738 locis
970 1658 1038 1738 sint
1066 1663 1176 1740 obvii
1226 1700 1229 1710 =

376 1804 458 1892 (u)
489 1802 536 1878 lis
558 1826 636 1878 non
659 1804 766 1880 video
791 1803 880 1904 quid
896 1801 1002 1904 poffit
1021 1801 1088 1879 elle
1110 1806 1180 1879 mi-

373 1940 502 2030 senus,
535 1941 600 2018 nili
622 1968 693 2042 ego
717 1943 840 2021 multis
861 1942 980 2020 modis
997 1943 1180 2040 succurre-

373 2103 462 2157 rem.
485 2079 629 2159 Etenim
645 2107 731 2160 cum
752 2081 826 2159 hoc
846 2070 1041 2159 hominum
1060 2107 1176 2180 genus

373 2241 502 2298 omnes
523 2219 571 2298 fic
590 2237 803 2300 execrentur
821 2226 894 2316 (κ’),
917 2236 960 2300 ut
982 2223 1200 2304 fortuitum.

315 2365 321 2374 “
372 2364 480 2441 etiam
505 2363 694 2441 occursum
715 2362 922 2441 ominosum
945 2361 1013 2442 elle
1036 2364 1179 2466 perlua-

369 2488 449 2589 sum
471 2504 533 2595 fit‘,
560 2518 682 2583 tamen
699 2502 764 2606 ipsi
783 2503 847 2581 fibi
865 2506 1055 2605 magnifice
1073 2508 1176 2585 blan·

213 2646 216 2654 ’
335 2684 337 2689 ·
371 2646 530 2725 diuntur.
567 2630 730 2725 Primum
761 2646 938 2739 summam
970 2649 1175 2726 existimant
1219 2697 1221 2702 .

369 2780 426 2851 (t)
445 2785 513 2838 Num
526 2787 655 2839 mnashus
675 2800 756 2853 graece
770 2786 866 2840 dicitur
880 2782 1018 2841 solitarius.
1055 2788 1088 2842 L.

370 2862 432 2937 (u)
450 2868 514 2923 Fuit
527 2870 608 2934 olim,
627 2872 688 2923 dum
698 2868 831 2939 Gymnalii
842 2867 994 2925 Rafileenlis
1005 2879 1169 2929 nomenetet

439 2953 588 3019 celebrius,
607 2952 798 3024 vulgatiistmus
809 2955 906 3019 jocus,
926 2954 1026 3007 nullam
1042 2955 1093 3009 diei
1108 2972 1172 3022 pree-

441 3040 521 3094 terire
536 3038 642 3102 horam,
663 3042 727 3109 quin
738 3048 782 3093 aut
793 3038 941 3103 studentes,
960 3046 1006 3093 aut
1021 3037 1085 3091 alini
1096 3038 1192 3101 moli,

437 3126 528 3188 narii,
548 3127 712 3189 meretrices,
733 3123 778 3182 seu
802 3126 854 3178 duo
876 3123 998 3178 monachi
1011 3120 1170 3180 transeunti-

436 3204 487 3261 bus
509 3209 665 3279 Rhenanam
691 3219 797 3277 pontem
820 3216 996 3263 occurrerent.
1032 3204 1103 3263 Vero
1122 3222 1170 3262 ve·

386 3343 393 3350 .
437 3292 494 3345 rius
512 3296 580 3362 quod
596 3296 638 3349 hic
657 3304 787 3359 uertatur.
824 3294 912 3349 MSC.

365 3368 434 3445 (x)
452 3371 557 3432 Habent
570 3388 661 3433 autern
673 3381 722 3447 hi,
747 3378 832 3435 nescio
849 3397 901 3451 qua
917 3380 948 3432 de
964 3374 1060 3442 causa,
1079 3376 1167 3445 lingu-

389 3460 392 3467 '
435 3458 518 3513 larem
536 3464 605 3528 apud
623 3464 792 3519 mulierculas
815 3462 953 3531 presertim
977 3459 1083 3517 rustico
1107 3475 1166 3535 gra·
1242 3487 1245 3494 ·

435 3543 519 3615 eiam,
537 3560 592 3599 nou
606 3547 685 3601 etiem
704 3550 772 3617 apud
787 3550 869 3603 viros.
906 3546 992 3602 MSt'.
1096 3535 1100 3541 ’

806 3614 937 3711 *Qe
1034 3685 1037 3695 .
