3259 4775
409 812 488 886 266
666 816 703 877 li
728 814 762 883 Ω
789 823 811 879 P
833 819 850 881 1
876 818 906 881 A
928 816 958 881 Σ
1208 854 1213 862 ·

409 942 503 1024 nihil
538 944 723 1042 attingere.
797 942 878 1038 Qui
907 938 1058 1045 quidem
1087 939 1116 1018 fi
1151 942 1211 1022 vel

408 1080 629 1166 semunciam
656 1082 729 1161 sani
753 1084 874 1163 cordis
901 1084 1096 1173 haberent,
1119 1082 1211 1186 quid

409 1224 495 1305 effet
519 1224 656 1305 horum
682 1227 755 1303 vita
783 1225 917 1304 tristius
939 1240 1003 1304 aut
1029 1248 1139 1327 aeque.
1152 1224 1213 1303 fu·

409 1366 613 1467 giendumi
640 1366 773 1469 Neque
797 1370 896 1445 enim
915 1367 1131 1444 existimabit
1151 1364 1211 1443 vel

406 1508 568 1610 perjurio
584 1508 852 1610 parricidioque
872 1509 1075 1608 parandum
1096 1510 1213 1608 impe-

405 1652 516 1737 rium,
532 1649 689 1749 quisquis
709 1648 830 1725 secum
840 1648 1082 1749 perpenderit,
1100 1668 1213 1747 quam

400 1778 1025 1906 detinereruunethmeris,
1051 1789 1212 1891 quivere

228 2014 233 2021 ,
301 1924 319 1943 ”
406 1932 610 2033 principem
631 1952 737 2039 agere
754 1929 851 2017 velit
888 1928 985 2009 Eum
1005 1896 1071 2031 oui
1089 1949 1213 2005 rerum

365 2039 371 2145 ἶ
408 2068 653 2172 gubernaculo
677 2069 894 2175 susceperit,
917 2070 1107 2175 publicum
1134 2090 1228 2147 non

371 2286 374 2293 ,
406 2216 589 2314 privatum
610 2215 804 2313 negotium
832 2237 959 2317 gerere
978 2217 1002 2306 ,'
1031 2211 1123 2289 nihil
1146 2206 1212 2287 niii

408 2351 672 2456 decommodis
683 2352 839 2452 publicis
847 2366 1019 2454 oportere
1030 2352 1212 2453 cogitare:

407 2515 430 2570 a
446 2493 608 2590 legibus,
637 2513 793 2588 quarum
809 2490 936 2589 ipse&
953 2505 1060 2566 autor
1074 2493 1113 2565 &
1129 2511 1215 2566 exa·
1326 2578 1330 2591 .

384 2667 386 2676 ¹
407 2631 486 2708 tior
510 2629 582 2717 est,
609 2649 679 2706 nec
696 2625 812 2706 iatum
830 2628 990 2729 digitum
1007 2627 1207 2708 discedere:

409 2765 620 2849 officialium
630 2770 799 2856 omnium
816 2770 855 2848 dc
872 2772 1145 2872 magiſtratuum
1158 2774 1215 2850 in·

410 2913 618 3014 tegritatem
638 2909 715 3000 {fibi
748 2912 999 3013 praestandam
1012 2908 1111 2996 eisc:
1143 2909 1215 2989 sese

370 3151 373 3161 1
409 3051 477 3132 effe
497 3077 615 3132 unum
637 3055 807 3131 omnium
837 3050 954 3129 occdis
982 3049 1209 3153 expoiitum,

254 3223 260 3234 ¹
367 3246 371 3255 -
391 3289 392 3293 Ν
409 3198 474 3299 qui
491 3194 548 3273 vel
570 3216 639 3272 ceu
661 3191 756 3271 fidus
776 3191 923 3271 mutare
944 3245 958 3280 ,
985 3212 1135 3268 morum
1156 3192 1213 3270 in-
1325 3274 1331 3284 ,

409 3337 604 3422 nocentia,
629 3335 826 3410 maximam
847 3330 955 3410 rebui
974 3331 1143 3412 humanis
1163 3333 1214 3413 sa·

407 3475 524 3559 lucem
542 3471 650 3580 possit
675 3473 839 3564 adferre,
865 3471 1055 3558 velueluti
1069 3465 1214 3557 comete
