3259 4775
459 836 596 927 με.
718 789 1052 922 Mor1uz.

312 970 331 997 κ
459 971 548 1051 nihil
567 966 663 1085 uliud
691 967 784 1063 effe,
822 994 932 1072 quarn
951 970 1121 1075 insoniam
1145 992 1264 1070 quan.
1361 1000 1365 1004 «

459 1112 552 1191 dam.
607 1110 770 1231 Primum
791 1115 901 1210 igitur
920 1113 1116 1189 existimate
1140 1111 1263 1191 Plato-

215 1272 221 1289 ‘
351 1351 353 1357 ‚
457 1236 544 1333 nem
569 1251 638 1329 tale
669 1252 843 1355 quiddam
863 1256 936 1351 jam
954 1268 1035 1331 tum
1054 1252 1260 1375 somniaffe,

366 1400 384 1431 ⁸
459 1420 544 1473 curn
572 1397 767 1469 amantium
782 1391 947 1493 firrorem
968 1399 1122 1473 omnium
1129 1393 1265 1495 felicis-

448 1535 579 1636 fimum
601 1532 659 1636 effe
677 1535 852 1613 scriberet
904 1516 1048 1616 Etenim
1067 1541 1130 1638 qui
1151 1538 1264 1615 vehe-

325 1664 328 1673 ’
458 1691 600 1756 menter
620 1690 715 1757 amat
741 1678 813 1775 jam
832 1702 910 1755 non
939 1680 979 1775 in
1005 1679 1038 1755 ie
1069 1680 1178 1766 vivit,
1202 1676 1263 1754 sed

458 1819 499 1896 in
522 1842 566 1896 eo
588 1816 690 1917 quod
719 1830 846 1908 amat,
887 1842 1036 1920 quoque
1065 1818 1213 1927 longius
1240 1844 1264 1897 a

459 1938 578 2059 seipso·
592 1958 792 2058 digreditur
805 1956 833 2048 ,’
854 1960 942 2043 &in
962 1958 1051 2037 illud
1069 1958 1264 2058 demigrat,

458 2100 533 2179 hoc
570 2103 684 2199 magis
715 2122 757 2178 ac
786 2102 901 2198 magis
931 2100 1075 2199 gaudet
1141 2098 1264 2201 Atque

460 2244 707 2319 comunimus
729 2267 748 2318 a
771 2266 926 2342 corpore
942 2239 1165 2343 peregrinari
1186 2265 1265 2317 me·
1353 2322 1357 2327 ,

460 2383 617 2472 ditatur,
649 2383 767 2484 neque
790 2384 905 2485 probe
931 2384 998 2462 suis
1021 2385 1136 2461 utitur
1156 2408 1264 2482 orga-

458 2527 546 2610 nis,
581 2525 675 2600 istud
708 2523 805 2598 haud
836 2524 945 2600 dubie
976 2527 1139 2602 furorem
1168 2524 1263 2601 reete
1342 2591 1378 2607 ,,

461 2664 604 2740 dixeris.
656 2663 804 2762 Alioqui
822 2662 910 2762 quid
939 2662 1003 2740 fibi
1032 2667 1131 2752 vult,
1158 2662 1263 2766 quod

461 2803 575 2902 vulgo
596 2806 703 2880 etiam
727 2804 882 2882 dieunt:
918 2805 1003 2881 Non
1018 2804 1068 2899 ‘est
1086 2807 1180 2903 opud
1192 2803 1260 2902 fir,

463 2947 501 3024 &
516 2947 563 3024 ud
580 2958 613 3024 te
629 2947 725 3034 redi,
753 2947 791 3022 δι
798 2944 869 3041 fidi
884 2920 1039 3024 redditur
1049 2945 1121 3040 est?
1145 2945 1262 3024 Porro

463 3113 539 3192 quo
560 3089 733 3188 amorkest
750 3087 965 3182 absolutior,
996 3088 1070 3166 hoc
1089 3066 1191 3178 furor
1211 3088 1262 3166 est

358 3333 360 3336 Ι
463 3233 605 3328 major,
630 3229 837 3308 ao'felicior.
890 3226 988 3330 Ergo
1013 3254 1177 3333 quaenam
1205 3229 1262 3306 fu.

463 3363 544 3451 tura
555 3371 605 3450 est
621 3372 679 3452 illu
693 3371 861 3461 coelitum
877 3373 975 3466 vitu,
1005 3371 1050 3450 ad
1069 3395 1179 3477 quarn
1191 3371 1264 3474 piae
