3259 4775
564 620 577 664 l
653 656 655 661 .

438 870 517 948 m
702 878 742 942 M
761 878 793 941 o
814 884 840 940 Ρ
860 878 877 941 1
898 879 928 940 A
949 881 979 941 Σ

438 1004 506 1084 lud
532 1000 646 1103 longe
672 1002 913 1083 suavillimum
936 1000 1077 1083 inssniae
1098 1006 1245 1105 genuus

436 1172 519 1251 quo
553 1144 758 1235 nonnulli,
794 1146 972 1249 quicquid
1003 1144 1070 1225 ulli
1096 1146 1247 1231 suorum

439 1290 538 1367 dotis
559 1288 677 1377 adest,
701 1312 747 1367 eo
760 1312 840 1367 non
853 1288 955 1366 aliter
964 1304 1072 1391 atque
1082 1288 1147 1369 suo
1163 1291 1251 1389 glo-

390 1470 392 1477 s
440 1434 589 1511 riantur
624 1429 752 1523 Qualis
773 1445 849 1507 erat
867 1430 928 1507 ille
942 1432 1134 1525 bisbeatus
1149 1428 1250 1533 apud
1346 1533 1350 1537 Α

439 1572 617 1651 Seueoum
632 1573 752 1659 dives,
778 1575 844 1671 qui
860 1572 1066 1651 narraturus
1079 1574 1249 1650 historio-

378 1786 390 1805 ,
439 1709 516 1793 tam
538 1716 775 1815 quampiam,
802 1710 923 1803 ¹servos
945 1712 991 1787 ad
1007 1735 1159 1789 manum
1185 1713 1253 1789 ha-

439 1853 571 1939 bebat,
611 1853 676 1951 qui
705 1853 858 1929 nomina
885 1825 1141 1951 suggererent,
1169 1875 1251 1931 non
1288 1946 1292 1952 ἡ

438 1992 698 2082 dubitaturus,
727 1992 786 2071 vel
804 1994 845 2070 in
871 1994 1042 2097 pugilum
1066 2008 1251 2072 certamen

440 2134 682 2224 descendere,
715 2134 835 2215 homo
860 2138 999 2241 alioqui
1018 2138 1110 2217 adeo
1138 2137 1254 2214 imbe-

440 2278 582 2366 cilluS,
614 2290 658 2355 ut
681 2280 746 2355 vix
774 2284 934 2365 viveret,
960 2281 1028 2355 hac
1051 2304 1090 2354 re
1111 2280 1224 2355 fretus
1235 2283 1254 2366 ,²

442 2417 551 2517 quod
571 2417 710 2492 multos
722 2417 881 2502 {haberet
902 2415 1006 2493 domi
1017 2416 1137 2496 servos
1144 2438 1252 2516 ‘egre-

444 2559 508 2655 gie
529 2529 709 2634 robustos.

458 2702 460 2708 ’
520 2694 638 2774 Porro
661 2667 706 2771 de
717 2694 851 2772 artium
869 2694 1137 2797 professoribus,
1163 2698 1255 2804 quid

442 2839 576 2918 attinet
590 2839 907 2915 commemorare?
931 2842 1079 2940 quando
1096 2844 1256 2945 peculia·

443 2982 498 3060 ris
519 2980 571 3060 est
589 2980 726 3060 horum
749 2983 919 3059 omnium
930 2981 1127 3071 Philautia,
1160 2985 1256 3062 adeo

447 3135 495 3202 ut
504 3125 658 3223 reperias
670 3123 796 3210 citius,
823 3125 889 3224 qui
904 3123 991 3201 velit
1001 3124 1120 3224 agello
1136 3137 1257 3226 pater·
1325 3226 1330 3232 ι

452 3289 527 3354 no,
557 3289 669 3372 quarn
685 3266 835 3364 ingenio
857 3265 1002 3354 cedere,
1027 3291 1155 3345 verum
1164 3291 1259 3369 pree»

447 3411 562 3512 gcipue
575 3405 814 3498 histrionum,
831 3421 1034 3498 cantorum,
1051 3414 1259 3502 oratorum,'
1351 3381 1358 3390 ’

448 3571 501 3626 ac
516 3566 710 3653 poetarum
723 3607 735 3642 ‚
761 3573 923 3656 quorum
943 3576 1021 3658 quo
1038 3553 1187 3662 quisque
1205 3547 1257 3628 eil
